3082 5386
275 400 315 466 dt)
704 418 856 466 numanis
877 418 1062 466 sosrrrons.

320 640 354 710 2·
374 644 509 713 Stucrr
538 642 659 710 Gemi.
685 638 920 710 Bibliothecae
946 640 1103 710 coenobii
1123 639 1232 710 codex
1255 638 1333 721 226,
1359 661 1396 731 p.
1418 642 1463 711 15
1487 664 1496 712 ε

276 757 442 843 Isidorus,
463 759 738 848 synonymorum
757 755 819 825 lih.
842 757 885 840 ΙΙ,
907 755 1169 846 86-871Migne,
1191 757 1385 833 LXXXIII,
1409 756 1498 827 864-

340 873 350 965 ]
513 971 568 1043 qui
587 969 803 1028 manifestabit
820 971 952 1028 consilia
969 968 1125 1042 cordium3
1145 983 1252 1042 quact-

512 1070 562 1126 vis
576 1069 661 1125 enim
677 1082 751 1126 vera
764 1069 837 1139 sint,
854 1067 1008 1125 credenda
1020 1082 1085 1125 non
1099 1073 1177 1125 sunt

512 1166 575 1223 nisi
589 1180 670 1239 quae
684 1167 777 1223 certis
790 1165 917 1223 indiciis
931 1165 1123 1238 conproban-

511 1269 563 1321 tur
576 1269 608 1320 et
620 1262 727 1321 ordine
739 1262 892 1337 judicario
907 1266 1123 1336 puslecantur.

509 1364 546 1419 In
561 1367 700 1419 sommo¹
715 1362 832 1418 honore
847 1375 972 1418 summa
986 1362 1028 1417 sit
1042 1361 1099 1418 tihi

510 1459 706 1532 humillitas;
721 1459 867 1532 quamvis
882 1472 1028 1516 summus
1042 1459 1086 1516 sis
1101 1459 1205 1516 humi-

510 1557 631 1615 litatem
647 1562 734 1629 tene3
750 1557 896 1630 quamvis
910 1556 1058 1614 suhhmis

508 1660 681 1727 potestates
694 1656 727 1711 in
744 1660 773 1712 te
786 1655 990 1713 celsitudines
1004 1669 1104 1727 repre-

509 1768 569 1825 me,
586 1768 649 1810 non
665 1759 694 1810 te
710 1754 837 1810 extollat
849 1753 958 1825 honor,
973 1751 1114 1825 praeside

509 1852 648 1909 humiles
660 1853 786 1909 culmen
802 1851 1030 1915 sublimitates.

508 1953 632 2006 tantum
646 1948 756 2022 majori
770 1948 950 2006 humilitate
964 1963 1054 2005 cons-

506 2047 617 2117 picuos
632 2049 750 2118 quanto
764 2060 879 2118 magna
892 2050 941 2102 est
955 2044 1096 2118 digneta-

508 2149 538 2200 te
552 2144 725 2215 praelatus.
741 2144 857 2200 insitas
872 2157 997 2215 quoque
1016 2142 1075 2200 tihi

506 2255 598 2300 ouras
612 2241 777 2298 humilitas
791 2242 891 2313 exple,
907 2240 1057 2298 traditum

507 2340 565 2396 tihi
588 2340 801 2397 ministerium
819 2344 943 2395 mentae
963 2338 1092 2396 suhdita

508 2438 644 2509 suscipe,
660 2441 727 2495 esto
741 2436 910 2494 oboediens
925 2436 1051 2494 divinae

507 2535 745 2608 dispensationi,
760 2534 918 2592 volontate
934 2535 1004 2609 ejus

506 2633 687 2693 contrahere
702 2647 766 2689 non
780 2632 892 2690 audias
905 2645 913 2705 ;
929 2633 1002 2707 jura
1019 2648 1078 2704 po·

506 2736 636 2790 testates
650 2730 763 2802 adepta
775 2729 991 2788 moderantes²
1006 2746 1057 2787 ex-

506 2844 584 2901 erce,
601 2829 707 2886 omnia
720 2843 784 2885 non
797 2828 990 2886 turholenter

506 2927 563 2986 sed
577 2926 746 2999 tranquillo
761 2924 851 2983 corde
867 2925 1009 2998 dispone.

506 3029 585 3087 cave
600 3030 706 3083 autem
720 3025 855 3082 honores
868 3039 947 3096 quos
965 3033 1069 3083 tenere

313 3289 417 3359 Liber
448 3289 486 3359 in
520 3309 652 3380 papyro
683 3287 834 3379 scriptus
859 3286 902 3357 de
934 3309 1001 3378 quo
1028 3287 1070 3356 cf.
1106 3285 1294 3356 Martinum
1321 3284 1481 3372 (derbem,

268 3407 337 3474 Iter
353 3403 616 3475 Alamannieum
635 3402 682 3494 (2·
702 3403 755 3473 ed.
777 3402 874 3494 typis
889 3405 960 3472 San
979 3400 1347 3492 BlasianiS,1773)‚p.
1366 3401 1481 3471 tlt-tt.

268 3523 401 3590 Paucos
419 3520 480 3611 qui
493 3526 682 3610 supersunt
701 3519 871 3610 ejusmodi
890 3518 997 3589 libros
1017 3517 1238 3589 enumeravit
1253 3519 1310 3586 W.
1325 3519 1485 3587 Watten·

268 3635 372 3723 bach,
403 3639 471 3704 Das
493 3635 737 3725 Schriftwesen
764 3634 811 3702 im
837 3633 1050 3718 Mittelaltcr,
1081 3633 1113 3703 3·
1132 3631 1186 3704 ed.
1212 3632 1346 3724 (Leipu.
1382 3632 1483 3723 1896)

269 3774 304 3843 p.
323 3751 400 3822 105.
429 3750 622 3843 Aliquotics
650 3753 692 3840 (e.
723 3771 758 3840 g.
789 3771 870 3840 pag.
900 3750 956 3839 29)
990 3748 1175 3819 nonnullos
1203 3768 1327 3818 versus
1353 3769 1485 3819 vacuos

269 3866 385 3938 scriba
416 3864 557 3958 reliquit
586 3885 630 3936 ne
662 3865 835 3956 scriptura
866 3865 1007 3956 iniquae
1044 3864 1210 3934 materiae
1242 3863 1333 3934 male
1365 3884 1484 3935 succe·

269 3982 379 4054 deret.

297 4228 320 4280 1.
340 4227 415 4281 Gerr.
430 4242 544 4281 summe

298 4309 324 4362 2.
343 4309 416 4362 Gerr.
430 4310 610 4364 moderanter.
