3392 5560
587 496 690 548 mro
711 497 870 548 sununs.
1282 481 1341 548 itt

170 666 424 749 Quaterniones
458 666 496 737 in
533 667 662 758 angulo
696 668 819 739 dextro
854 666 998 738 ultimae
1027 665 1175 759 paginae
1209 666 1343 758 signati

126 791 252 871 erant3
273 782 324 853 sic
341 782 473 874 legitur
496 783 702 867 XXXVIIII,
722 782 816 853 IInea
841 781 1051 874 superducta
1082 781 1152 872 (iol.
1184 781 1248 854 197
1276 783 1338 874 11).

125 901 260 970 Puncta
279 898 323 969 ad
341 917 464 970 versus
483 896 681 987 dIrigendos
698 897 736 968 in
756 897 1021 970 intercolumnio
1041 905 1221 990 apparent.

167 1013 275 1086 Tituli
293 1013 428 1108 Ioseppi
450 1013 488 1085 in
514 1013 639 1100 versis,
659 1011 720 1087 lid.
742 1015 780 1100 V,
809 1021 891 1100 etc,
919 1013 957 1084 in
986 1013 1091 1084 rectis
1118 1012 1209 1084 forits
1236 1032 1340 1106 saepe

125 1130 302 1222 leguntur.

166 1246 218 1317 Gi.
247 1245 429 1338 Palaeopr.
460 1246 551 1331 Soa,
581 1264 648 1318 ser.
670 1245 717 1330 1⁸,
733 1243 805 1318 tab.
826 1243 904 1332 138,
932 1243 994 1315 ubi
1020 1243 1142 1316 solium
1170 1243 1234 1315 115
1258 1243 1339 1316 libri

128 1361 234 1454 hujus
253 1361 435 1433 Bobiensis
451 1369 742 1453 repraesentatur.
1094 1367 1098 1376 ’

165 1479 313 1548 Formae
331 1476 526 1548 litterarum
541 1476 727 1568 pleraeque
737 1475 851 1548 adhuc
860 1476 1023 1568 optimae,
1039 1484 1157 1548 tamen
1171 1499 1193 1546 a
1207 1476 1338 1568 majore

123 1599 238 1664 tractu
264 1592 365 1683 quasi
383 1591 484 1662 hasta
502 1591 722 1677 terminatur,
740 1614 766 1660 a
783 1591 878 1663 liuea
894 1592 1009 1663 media
1027 1591 1119 1663 male
1136 1592 1249 1684 posita
1263 1592 1340 1682 jarn

123 1706 380 1799 pessumdatur,
401 1706 495 1778 unde
521 1728 592 1777 non
619 1706 749 1799 injuria
774 1705 915 1800 quidam
949 1706 1198 1778 dubitaverunt
1220 1713 1339 1777 utrum

123 1831 221 1895 sexto
244 1844 289 1894 an
314 1821 462 1914 septimo
487 1822 627 1894 saeculo
645 1842 688 1894 ea
707 1821 880 1916 scriptura
895 1831 988 1894 esset
1006 1822 1202 1894 tribuenda.

558 2162 737 2232 TABVLA
760 2161 903 2231 LXXIV

163 2415 711 2496 1⁰Auuusr0nuu1.Seminarii
738 2416 857 2507 magni
889 2415 1000 2490 codex
1031 2425 1068 2487 n⁰
1097 2417 1152 2502 21,
1174 2416 1233 2488 fol.
1261 2417 1335 2488 78:

123 2537 323 2618 Cassianus
343 2531 588 2617 recitationes,
610 2531 668 2602 lib.
688 2533 746 2617 VI,
768 2532 868 2603 1819
890 2531 936 2624 Ιρ.
954 2531 1030 2616 125,
1052 2530 1153 2601 16-18
1173 2531 1337 2604 editionis

123 2649 328 2722 aMichaeIe
346 2647 556 2738 Petschenig
574 2647 675 2718 datae
693 2647 731 2717 in
756 2649 857 2740 Gorp.
878 2646 997 2740 script.
1019 2646 1103 2718 eccl.
1125 2647 1198 2718 vol.
1224 2649 1337 2732 XVII,

122 2765 272 2836 Vindob.
294 2763 406 2854 18881.

450 2923 549 2996 hujus
563 2921 714 2980 insederit
726 2929 760 2980 et
772 2937 842 2995 pos·

450 3019 855 3094 sibilaquidemintegrita-

449 3121 513 3175 tem
532 3119 601 3175 sine
615 3117 748 3176 scientia
761 3131 868 3190 reppe-

448 3215 513 3272 riri.
529 3214 729 3287 Impossibile
743 3229 817 3272 vero
832 3215 891 3273 sci-

451 3313 571 3372 entiam
585 3313 758 3385 spiritalem
773 3313 842 3371 sine

449 3411 640 3484 integritatis
654 3411 837 3469 castimoni-

448 3523 468 3568 a
480 3507 644 3581 possideri,
660 3510 736 3581 quia
748 3515 782 3566 at
794 3508 895 3567 diver·

449 3621 485 3664 sa
498 3611 575 3664 sunt
589 3604 672 3663 dona
683 3609 716 3662 et
730 3619 794 3663 non
808 3620 873 3663 cm·

448 3702 544 3760 nibus
555 3718 619 3761 una
629 3703 728 3776 gratia
737 3703 867 3774 spiritus
877 3703 976 3762 macti

448 3800 607 3872 tribunus,
623 3798 680 3857 sed
697 3799 848 3873 adquam

447 3911 482 3954 se
497 3898 722 3970 unusquisque
736 3897 842 3956 studio
856 3898 908 3956 vel

447 3995 604 4053 industria
618 4009 677 4054 sua
690 3994 825 4068 dignum
840 4010 896 4069 ap-

448 4097 577 4165 tumque
589 4092 776 4164 praebuerit.

448 4190 592 4263 Deanue
606 4203 679 4248 cum
693 4190 728 4246 in
741 4189 891 4248 omnibus

448 4286 598 4359 apostolis
613 4287 729 4344 sanctis
743 4287 845 4345 virtus
859 4287 910 4344 in·

448 4384 602 4456 tengtatis
616 4383 753 4455 perfecta
772 4383 820 4441 iu-

448 4480 512 4537 isse
526 4479 679 4553 cudatur,
695 4479 859 4539 abundan-

447 4577 512 4634 tIus
527 4581 633 4635 tamen
649 4577 800 4635 scientiae
815 4577 934 4636 donum

448 4673 633 4732 exuberavit
642 4675 676 4732 in
685 4675 793 4747 Paulo,

448 4770 525 4844 quta
540 4783 576 4828 sa
590 4768 727 4830 adhunc
744 4777 854 4846 aptum
