3082 5386
636 373 774 424 smnio
795 374 952 425 sucum.

549 615 598 669 nn
622 612 791 671 ciurana
813 613 869 667 nei
1160 653 1173 686 ,

161 813 471 895 incomparabiliter
484 834 594 894 super-

157 927 231 980 na
241 927 289 981 est
302 921 416 979 civitas
430 918 550 992 clarior,

164 1021 242 1079 ubi
255 1020 385 1078 victoria
397 1019 525 1090 veritas,

174 1119 240 1177 uiri
254 1118 395 1192 dignitas
413 1118 574 1188 sanctitas,
587 1115 643 1174 uhi

187 1231 245 1290 pax
255 1217 401 1288 felicitas,
415 1216 473 1274 ubi
487 1217 554 1274 vita

186 1317 361 1374 aeternitas.
376 1313 477 1373 Multo
490 1314 550 1372 mi-

185 1427 244 1471 nus
257 1412 357 1471 habet
370 1412 405 1470 iu
419 1426 479 1470 sua
493 1410 591 1468 secie-

186 1516 245 1570 tate
260 1511 343 1570 tales
357 1509 449 1582 deos,
465 1510 493 1568 si
508 1509 592 1567 tuin

185 1613 235 1667 tua
249 1609 330 1666 tales
345 1607 492 1665 homines
503 1606 560 1664 ha-

185 1703 252 1764 bere
267 1704 447 1777 erubuisti;
461 1705 564 1777 proin·

185 1800 217 1859 ie
230 1803 260 1859 si
278 1800 322 1859 ad
339 1801 464 1858 beatam
478 1801 562 1872 par-¹

185 1901 287 1957 venire
302 1897 462 1956 desideras
477 1899 519 1956 ci·
634 1932 638 1940 ·

186 1999 325 2062 titatcm,
341 1995 447 2053 devita
460 1994 536 2053 daa-

173 2107 316 2170 ¹nonum
330 2092 522 2151 societatem.
537 2092 589 2148 In-

181 2189 294 2264 digne²
310 2191 350 2248 ab
365 2188 484 2248 hestis⁸
498 2190 605 2248 colun-

177 2295 229 2347 tur
242 2291 301 2362 qui
317 2303 373 2360 per
387 2295 493 2361 turpes

175 2388 356 2458 placantur.
372 2387 422 2444 Sic
436 2387 489 2443 isti
504 2402 523 2444 a
536 2392 592 2444 tua

173 2485 298 2557 pietate
310 2494 491 2542 removean-

176 2585 232 2640 tur
246 2580 433 2655 purgatione
446 2580 572 2640 Christi·

174 2694 241 2737 ana
256 2677 414 2752 quomodo
428 2680 475 2735 iili
489 2694 509 2737 a
522 2684 578 2735 tua

176 2776 335 2850 dignitate
350 2778 460 2834 remoti
474 2782 551 2834 sunt

179 2876 341 2933 notatione
355 2876 505 2933 censoria.

180 2971 332 3030 Deionis
345 2977 452 3030 autem
465 2986 570 3030 carna-

182 3068 278 3142 libus,
293 3067 412 3142 quibus
426 3070 502 3127 solie
515 3071 590 3128 maii

182 3166 298 3238 perfrui
309 3168 431 3240 volunt,
447 3172 480 3225 et
493 3166 532 3226 de

183 3265 274 3322 maiis
287 3264 475 3337 carnalibus,
487 3280 569 3338 quaa

184 3362 249 3419 scia
261 3363 380 3434 perpeti
395 3363 518 3433 nolunt,

186 3458 270 3530 quod
283 3474 386 3532 neque
400 3461 434 3518 in
448 3461 499 3517 his
513 3462 568 3518 ha·

184 3555 279 3615 beant
292 3569 388 3630 quam
402 3563 516 3631 putan-

822 828 875 880 tur
886 820 1001 880 habcrc
1015 821 1069 879 isti
1083 821 1210 882 daemo-

821 934 878 977 nes
892 925 1078 991 potestatem
1094 923 1215 994 (quam-

821 1032 916 1090 quam
931 1018 958 1075 si
973 1018 1135 1091 haberent,
1151 1017 1203 1078 dc

820 1114 967 1172 heremus
982 1117 1089 1187 potius
1098 1117 1192 1175 etiam

819 1213 882 1270 ista
895 1215 1138 1288 contemtpinerc

820 1325 915 1384 quam
928 1318 1054 1385 propter
1067 1313 1129 1371 ista

818 1408 891 1467 ilios
905 1411 1005 1467 colere
1019 1414 1052 1467 et
1064 1425 1118 1468 cce
1133 1412 1236 1469 colen·

818 1505 859 1563 do
872 1505 913 1564 ad
927 1507 983 1565 illa
996 1522 1078 1581 quae
1091 1508 1184 1567 nobis

819 1603 965 1662 invident
979 1607 1140 1677 pervenire

818 1716 883 1759 non
897 1704 1010 1776 posse),
1026 1708 1132 1761 tamen
1145 1718 1204 1763 nec

818 1800 852 1856 in
865 1800 936 1856 istis
949 1814 1004 1857 ces
1019 1799 1081 1858 hoc
1092 1802 1197 1859 valera

818 1896 903 1968 quod
916 1897 984 1970 hiti)
1000 1904 1122 1970 putant,
1138 1900 1207 1972 quit

818 2001 942 2066 propter
956 1994 1034 2054 haec
1047 2010 1101 2053 cos
1115 1998 1175 2054 coli

817 2100 956 2164 oportere
970 2093 1177 2162 contendunt.

817 2188 965 2263 deinceps
979 2190 1190 2265 viderimust,

818 2293 855 2345 ut
868 2288 921 2346 hic
930 2290 972 2346 sit
987 2289 1086 2362 hujus
1100 2292 1188 2348 velu-

817 2387 912 2443 minis
927 2385 1051 2445 modus.

1159 2482 1289 2544 Contuli.

816 2580 942 2639 Aurelii
954 2582 1137 2641 Auensrnu
1155 2583 1290 2658 nriecopr

815 2692 938 2738 conisa
952 2684 1120 2739 naumus⁸

816 2791 859 2834 uu
871 2791 1016 2837 crvrrarn
1029 2792 1086 2836 mu
1099 2792 1185 2837 auur

815 2889 911 2934 mann
931 2877 970 2934 11.
985 2874 1099 2948 Incipit
1113 2875 1192 2934 liber
1205 2877 1245 2937 111

814 3070 884 3128 Jam
898 3071 975 3128 satie
991 3070 1112 3129 dictum
1125 3070 1207 3128 arbi·

816 3173 879 3224 troi
904 3165 944 3225 de
957 3182 1080 3226 morum
1094 3169 1187 3227 maiis

815 3270 846 3322 et
861 3266 1038 3325 animorum
1053 3282 1133 3340 quae

815 3365 981 3436 praecipue
996 3365 1135 3423 cavenda
1150 3371 1248 3439 sunt;

815 3462 896 3518 nihii
910 3461 985 3519 deos
999 3462 1094 3520 falsos
1108 3460 1224 3536 pepulc

815 3562 927 3619 cultori
941 3573 1000 3618 suc
1014 3562 1187 3634 quominus

214 3737 251 3792 1n
271 3737 423 3809 margine,
446 3735 557 3793 eadem
578 3735 732 3807 scriptura
746 3744 889 3796 currente
904 3751 996 3811 qua«
1026 3740 1150 3798 Contuli
1176 3760 1191 3796 »
1213 3742 1393 3814 appositum

184 3839 240 3905 eet,
255 3839 349 3892 nota:
366 3834 524 3907 supernae
538 3834 600 3892 civi
616 3834 621 3906 Ι
638 3832 712 3892 tatis
727 3836 861 3894 claritas.

213 4113 235 4165 l.
252 4113 330 4165 Prius
345 4114 395 4164 fuit
404 4129 464 4179 pre.

211 4193 234 4242 2.
254 4193 330 4246 corr.
345 4194 463 4260 indtyni.

212 4271 235 4325 3.
254 4273 328 4326 Gerr.
343 4274 467 4328 itcnartir.

211 4355 235 4404 4.
253 4353 329 4403 Gerr.
346 4354 506 4408 videbimur.

211 4432 235 4482 5.
253 4432 327 4482 Gerr.
342 4448 471 4500 papauer.
