3392 5560
359 491 418 558 iii
743 505 970 558 amoenans
990 505 1178 556 eorumne.

403 677 570 770 Ejusdem
584 675 772 748 voluminis
787 676 845 746 iol.
868 674 910 747 30
932 693 941 746 :
960 675 1108 766 Vigilius
1126 671 1313 766 'tapsensis
1332 675 1372 745 de
1390 677 1567 763 Trinitatis,

355 793 417 865 lib.
438 796 530 863 iv-v
550 793 628 885 (sub
645 793 786 864 nomine
804 795 839 864 S.
862 792 1056 883 Athanasii)
1078 791 1220 882 [iligna
1237 794 1340 879 LXII,
1366 792 1431 866 268
1450 793 1499 884 nl.

409 983 535 1044 deitatis
547 985 588 1044 ad
601 999 801 1044 communem
815 987 1014 1044 autoritatem
1029 987 1178 1047 trinitatis
1192 989 1266 1048 uni·

409 1083 579 1142 torretorre
593 1089 625 1141 et
638 1083 726 1142 atiud
744 1088 793 1142 est
807 1086 840 1142 in
855 1086 983 1158 singulo
997 1087 1126 1144 nomina
1139 1087 1301 1159 pluraliter

407 1197 462 1255 per
476 1183 620 1256 singulas
632 1196 782 1255 personas
797 1183 983 1258 distinguas,
998 1185 1075 1257 quia
1088 1184 1144 1243 ubi
1158 1183 1199 1242 ad
1211 1189 1357 1244 naturam

407 1282 552 1354 sequitur
562 1294 729 1339 eommune
741 1295 868 1353 nomen,
884 1282 1049 1355 revelatur,
1065 1281 1121 1341 ubi
1135 1286 1242 1340 autem
1256 1281 1297 1341 ad

407 1379 537 1437 nomina
550 1379 721 1450 proprietas
735 1377 916 1438 earumdem
930 1381 964 1436 in
977 1380 1113 1454 singulis
1125 1382 1267 1454 personis

408 1477 513 1534 inesse
527 1475 711 1548 declaratur,
728 1477 811 1534 sieut
825 1481 856 1533 te
870 1475 903 1534 in
917 1477 978 1536 hoo
991 1478 1036 1535 ιο1
1052 1491 1107 1536 vas
1121 1479 1284 1536 electionis
1298 1478 1366 1537 bre-

406 1573 487 1632 viter
499 1573 636 1632 absolvit
649 1573 758 1632 dioens
772 1591 779 1631 :
794 1588 833 1632 ex
846 1574 918 1646 Deo,
934 1588 1038 1632 eoram
1052 1575 1124 1646 Deo,
1138 1575 1173 1632 in
1188 1575 1305 1634 chroco
1319 1577 1488 1650 loquimur.

388 1661 439 1732 la
451 1686 516 1730 non
529 1685 585 1743 per
597 1671 675 1730 haee
687 1673 781 1730 tacita
793 1673 922 1730 nomina
934 1673 1080 1746 utramvis
1091 1687 1296 1744 personarum
1421 1721 1430 1745 ,

405 1769 549 1842 singulas
565 1768 811 1843 significationes
825 1771 930 1828 inesse
945 1769 1134 1844 designavit,
1149 1769 1183 1827 id
1196 1774 1245 1828 εει
1258 1785 1298 1829 ex
1309 1772 1372 1829 Deo

406 1873 504 1940 patre,
520 1866 605 1940 quod
618 1871 668 1925 est
681 1866 842 1926 evidenter
855 1883 893 1925 ex
906 1869 978 1940 Deo,
993 1871 1026 1925 et
1039 1866 1123 1941 qnod
1135 1873 1322 1939 prosecutus

404 1971 453 2024 εει
467 1979 569 2024 eoram
583 1965 645 2024 Deo
659 1965 719 2023 hoo
732 1971 782 2023 εει
794 1971 874 2023 ιεειε
888 1967 959 2037 Deo,
976 1972 1082 2024 sonato
1096 1965 1213 2037 spiritu
1228 1965 1467 2026 demonstravit.

375 2052 419 2122 Et
430 2064 464 2120 in
478 2063 595 2122 Christo
608 2063 768 2135 loquimur
781 2061 866 2136 quod
879 2063 933 2134 ait,
948 2063 1056 2136 utique
1069 2077 1127 2120 nos
1141 2078 1181 2121 ex
1193 2061 1256 2121 Deo
1271 2064 1304 2122 in
1318 2063 1420 2123 filium
1435 2065 1488 2124 Dei

404 2161 622 2219 testimonium
636 2158 863 2232 praedicamus.
878 2159 974 2218 Vides
988 2159 1177 2218 multifariae
1193 2161 1250 2218 tibi

404 2257 525 2317 dietum
538 2258 667 2315 nomina
681 2257 808 2330 singula
822 2258 856 2314 in
870 2259 1011 2330 personis
1025 2271 1095 2316 esee
1109 2261 1247 2331 ostensa,
1263 2273 1356 2333 prop·

404 2360 453 2414 ter
465 2354 551 2429 quod
565 2350 834 2428 nomina'sinffula
846 2359 971 2414 tantum
984 2355 1018 2412 in
1030 2355 1172 2429 personis
1187 2355 1322 2427 perlaeta

404 2452 655 2527 distinguuntur.
1302 2445 1304 2452 '

403 2550 569 2608 EXPLioiT
582 2549 768 2607 LIBELLUS
781 2549 840 2606 1111
852 2547 904 2606 DE
919 2550 1093 2609 SINGULIS
1106 2551 1329 2613 NOMINIBUS.

403 2647 526 2708 thitPit
540 2646 701 2714 QUINTUS
715 2645 766 2703 DE
780 2645 859 2705 UNA
871 2645 919 2704 ΕΤ
932 2645 1171 2708 SEMPITERNA
1185 2649 1423 2709 sensualium

632 2745 855 2806 TRINITATIS.

404 2844 463 2903 Hie
477 2841 718 2902 contradicentis
732 2856 866 2915 persona
878 2857 1013 2914 persona
1025 2847 1075 2902 est
1087 2843 1228 2902 minmo-

404 2943 553 3000 nitarum.
569 2942 630 3000 Cur
641 2955 779 2998 oonexue
794 2941 1022 3012 sempiternum
1036 2939 1148 3014 fllium,
1165 2955 1261 3015 quem
1275 2956 1331 3000 na-

405 3040 512 3097 tivitas
524 3037 719 3097 nullomodo
733 3052 828 3110 panea
842 3043 891 3095 εει
904 3036 1067 3096 admittere
1082 3040 1115 3095 in
1130 3040 1328 3111 sempiterni-

406 3138 470 3195 tati
483 3138 540 3211 qui
553 3138 581 3196 si
598 3137 808 3208 sempiternus
822 3138 897 3203 erat,
913 3139 1009 3193 natus
1022 3150 1087 3193 non
1101 3140 1183 3211 erat;
1198 3138 1226 3194 si
1239 3141 1347 3194 autem

405 3239 573 3306 natusest,
590 3235 801 3305 sempiternus
816 3246 961 3290 essenon
975 3237 1088 3304 potest,
1104 3232 1182 3291 tium
1196 3234 1346 3292 nativitas

405 3332 556 3406 posterior
569 3333 611 3389 eit
622 3345 641 3389 a
654 3331 911 3402 sempiternitate.
925 3330 949 3387 0
965 3331 1069 3388 inanis
1083 3331 1212 3389 mahina
1225 3330 1265 3388 tle

406 3431 502 3504 ligno,
518 3428 608 3487 faeno
620 3432 652 3485 et
666 3430 839 3485 stramene¹
853 3429 888 3485 in
901 3429 1005 3486 arenis
1018 3427 1191 3502 aedificata,
1207 3429 1301 3503 eujus

405 3528 439 3585 in
453 3525 593 3598 proximo
608 3523 697 3582 adest
707 3524 813 3582 ruinot
829 3525 882 3582 hio
895 3523 936 3582 ad
949 3528 1042 3583 tuum
1055 3527 1176 3585 malum
1191 3541 1283 3600 argu-

405 3628 549 3682 mentum
564 3635 710 3681 neeeesse
724 3627 772 3680 est
785 3626 823 3680 ut
836 3627 943 3680 eontra
957 3627 987 3680 te
1001 3622 1155 3694 proteram
1168 3638 1242 3682 vere

406 3722 577 3794 sapientiae
591 3719 807 3778 interdictum.
825 3720 925 3787 Quare
939 3734 1003 3777 non
1018 3722 1060 3778 eit
1076 3723 1240 3793 sempiter-

405 3833 468 3877 nus
482 3818 577 3890 iilius,
594 3818 687 3890 eujus
701 3817 851 3875 nativitas
865 3816 953 3875 nullo
967 3819 1036 3875 mo¹
1051 3817 1260 3877 excluditura
1275 3833 1357 3878 eem-

406 3914 605 3991 piternitatet
618 3913 675 3972 sed
689 3914 785 3972 immo
799 3915 852 3972 hie
865 3915 920 3988 qul
935 3920 1007 3974 ante
1022 3929 1114 3973 omne
1127 3917 1257 3974 omnino

398 4188 449 4256 De
467 4182 532 4254 hoe
546 4182 663 4254 codiee
678 4183 722 4252 oi.
735 4181 925 4250 Antonium
933 4182 1110 4266 Muratori‚
1125 4179 1313 4265 Aaedocto',
1330 4183 1372 4267 ii,
1391 4183 1455 4253 iii
1471 4205 1562 4276 sqq..

354 4304 551 4394 Augustum
572 4297 835 4380 Reifferscheid,
855 4295 941 4366 Bibl.
955 4308 1098 4388 patrum
1124 4295 1184 4366 tat.
1214 4296 1352 4381 Italico,
1379 4301 1423 4385 ii,
1445 4301 1563 4372 tii-tt.

355 4417 546 4508 inscriptus
565 4423 618 4485 εει
639 4441 654 4478 ι
675 4412 763 4484 liber
781 4411 899 4520 Sancti
918 4411 960 4481 20
979 4411 1183 4482 columbani
1201 4412 1245 4482 de
1262 4411 1368 4483 Bobio
1390 4442 1420 4484 ».

386 4632 409 4680 l.
425 4628 548 4679 Mendum
561 4625 786 4677 animadversione
798 4623 903 4690 dignum
917 4639 962 4691 pro
977 4643 990 4672 α
1003 4625 1070 4677 sieut
1082 4632 1108 4677 et
1119 4625 1148 4676 in
1160 4625 1210 4678 hoe
1223 4631 1376 4692 argumento
1391 4646 1414 4680 a.

384 4710 409 4761 2.
424 4711 499 4760 Gerr.
513 4708 651 4759 stramine.
1362 4715 1364 4718 ·

384 4789 409 4841 3.
424 4788 548 4840 Menduin
561 4801 610 4854 pro
623 4787 709 4838 modo.
