3082 5386
624 380 764 431 snrrmo
785 379 942 430 sanccio.
1335 359 1394 424 itt

213 552 474 644 Fragmentum
497 551 707 622 Vossiauum
734 550 873 621 initium
900 557 1038 619 tantum
1064 558 1100 620 et
1127 547 1232 619 finem
1257 556 1396 639 quater-

145 663 294 738 nionis
312 669 398 738 noni
417 667 585 752 servavit,
606 687 686 737 cum
705 667 742 736 in
761 667 818 736 iol.
839 665 860 735 2
878 675 915 736 v⁰
938 666 1076 756 legatur
1102 685 1269 735 numerus
1286 666 1393 749 VIIII,

146 785 309 871 angulo
327 784 451 856 dextro
466 783 557 855 imae
583 782 730 875 paginae
753 781 943 873 appositus.
969 781 1084 852 Facile
1112 788 1166 851 est
1193 787 1395 872 computare

147 902 326 992 paginas
341 900 500 992 singulas
519 899 602 970 olim
621 899 758 970 circiter
777 896 819 968 38
837 918 961 968 versus
979 895 1146 968 habuisse
1171 905 1207 968 et
1225 898 1301 990 ejus
1323 897 1395 970 lere

152 1016 441 1109 magnitudinis
475 1015 584 1087 luisse
622 1036 690 1107 qua
722 1022 859 1085 constat
888 1011 998 1084 codex
1029 1013 1219 1083 Vaticanus
1256 1011 1396 1084 tabulae

153 1125 371 1223 sequentis

215 1249 478 1339 Fragmentum
513 1245 778 1330 Aurelianense,
804 1251 943 1314 auctore
979 1245 1121 1336 quidem
1157 1265 1227 1314 non
1263 1245 1393 1336 agnito,

160 1355 418 1456 descripserat
445 1362 587 1433 Samuel
614 1361 758 1450 Brandt,
786 1360 981 1452 Sitzuupsb.
1011 1360 1046 1430 d.
1080 1360 1219 1431 Wiener
1235 1360 1347 1430 dicad.
1367 1369 1393 1431 t.

158 1474 252 1566 CX,
275 1478 376 1565 1886,
398 1498 433 1571 p.
456 1477 532 1548 167.
580 1497 581 1500 ¹

572 1897 578 1906 -
620 1857 796 1928 TABVLA
818 1857 965 1929 LXXXI

231 2137 377 2207 Roma.
400 2132 637 2205 Bibliothecae
654 2133 843 2204 vaticanae
866 2132 977 2204 codex
1002 2132 1064 2204 lat.
1084 2131 1197 2204 vatic.
1219 2132 1318 2218 3375,
1338 2132 1395 2203 iol.

189 2249 234 2321 tt
254 2259 291 2320 v⁰
313 2272 321 2320 :
350 2250 560 2343 Eugippius,
580 2251 752 2340 Excerptu
770 2272 811 2318 eu
837 2249 992 2340 operibus
1009 2249 1198 2340 Augustini
1223 2251 1304 2319 XIV
1330 2248 1398 2341 (29)

174 2366 240 2459 ,lp
263 2366 341 2452 150,
363 2366 498 2451 ll-tta,
518 2366 536 2435 l
554 2364 715 2436 editionis
735 2387 756 2436 a
773 2369 811 2434 P.
832 2365 956 2437 Knoell
975 2366 1076 2437 datae
1094 2366 1131 2435 in
1149 2367 1248 2458 Gorp.
1270 2364 1393 2458 script.

186 2482 274 2553 cccl.
292 2481 366 2553 vol.
386 2484 448 2568 IX,
467 2480 613 2551 Vindob.
637 2481 750 2572 idaei.

188 2705 379 2778 qualemque
392 2717 557 2776 vesperam
572 2708 604 2761 et
617 2718 711 2763 mane
733 2703 841 2764 lecerit
854 2708 1010 2761 remotum
1024 2707 1073 2760 est
1090 2718 1110 2761 a
1123 2702 1267 2761 sensibus
1285 2701 1401 2760 nostris

189 2817 246 2860 nec
255 2802 302 2860 ita
316 2807 354 2859 ut
367 2806 417 2860 est
430 2803 572 2876 intellegi
587 2818 606 2861 a
618 2803 711 2861 nobis
725 2808 838 2875 potest,
854 2802 939 2876 quod
953 2808 1059 2859 tamen
1070 2802 1138 2859 sine
1148 2802 1215 2858 ulla
1224 2800 1403 2858 haesitatio·

188 2915 226 2958 ne
241 2898 437 2959 credendum
451 2906 519 2973 est;
540 2906 596 2958 aut
609 2903 694 2959 enim
709 2903 816 2974 aliqua
830 2904 886 2959 lux
900 2914 1045 2973 corporea
1058 2905 1117 2971 est,
1133 2900 1200 2957 sive
1215 2899 1248 2955 iu
1263 2898 1404 2970 superio-

190 2998 276 3056 ribus
290 2994 405 3056 mundi
419 2989 667 3071 partibuslonge
680 3014 698 3056 a
711 2999 933 3070 conspectibus
947 2999 1073 3070 nostris,
1089 2998 1156 3055 sive
1171 2994 1256 3056 unde
1271 2995 1319 3053 sol
1332 2999 1404 3066 post

191 3095 320 3154 modum
335 3110 489 3154 accensus
501 3101 561 3167 est,
577 3102 632 3154 aut
646 3097 727 3155 lucis
740 3099 868 3154 nomine
883 3096 1061 3170 significata
1074 3101 1123 3154 est
1137 3101 1243 3163 sancta
1257 3095 1369 3152 civitas
1383 3093 1417 3149 in

192 3195 306 3252 sanctis
321 3194 443 3266 augelis
457 3199 489 3250 et
503 3195 667 3267 spiritibus
678 3195 790 3253 beatis.
807 3197 851 3252 De
865 3209 928 3268 qua
942 3194 1019 3251 dicit
1030 3196 1191 3267 apostolus
1201 3211 1208 3251 :
1220 3207 1301 3266 quae
1316 3204 1445 3250 sursum
1458 3191 1508 3246 est

194 3291 389 3350 Hierusalem
404 3297 505 3349 mater
518 3298 625 3350 nostra
637 3299 763 3350 aeterna
775 3294 808 3350 in
822 3294 917 3351 caelis
929 3305 936 3365 ;
952 3292 997 3351 ait
1008 3293 1126 3365 quippe
1139 3297 1172 3349 et
1185 3291 1246 3349 alio
1261 3291 1328 3348 loco
1343 3305 1351 3347 ε
1412 3351 1414 3357 ,

195 3389 310 3448 Omnes
326 3389 413 3447 enim
426 3403 482 3447 vos
497 3389 553 3447 filii
568 3392 649 3448 lucis
664 3392 741 3448 estis
751 3397 782 3449 et
795 3390 853 3449 filii
863 3391 935 3464 diei,
949 3405 1013 3447 non
1028 3405 1140 3449 sumus
1151 3391 1254 3449 noctis
1268 3402 1371 3462 neque
1386 3392 1426 3445 te·

195 3487 373 3559 schramm,
389 3488 416 3545 si
433 3492 538 3545 tamen
552 3494 584 3546 et
598 3504 760 3560 vesperam
776 3488 826 3546 die
841 3489 939 3571 hujus
954 3494 985 3546 et
1003 3504 1095 3547 mane
1110 3489 1311 3560 aliquatenus

195 3590 403 3660 congruenter
420 3587 602 3660 intellegere
616 3589 790 3660 valeamus,
806 3591 955 3662 quoniam
971 3589 1120 3648 scientiae
1134 3592 1255 3646 creatu-

195 3700 245 3742 rae
259 3686 292 3742 in
307 3686 575 3755 comparationem
590 3686 740 3744 scientiae
755 3688 901 3746 creatoris
916 3685 1147 3760 quodammodo
1160 3701 1273 3759 vespe-

196 3785 307 3856 rascit;
328 3784 464 3855 itemque
479 3784 611 3841 lucescit
625 3789 657 3840 et
670 3799 763 3842 mane
778 3785 814 3841 lit
832 3801 905 3843 cum
921 3790 953 3841 et
968 3786 1037 3857 ipsa
1051 3785 1183 3843 refertur
1196 3784 1236 3842 ad
1249 3784 1375 3842 laudem

198 3881 458 3954 dilectionemque
471 3883 618 3939 creatoris
633 3898 692 3940 nec
705 3883 739 3939 in
753 3888 879 3941 noctem
893 3885 1035 3956 vergitur
1052 3883 1109 3941 ubi
1124 3898 1187 3941 non
1201 3889 1319 3941 creator
1368 3950 1370 3955 ¹

199 3987 358 4038 creaturae
372 3980 541 4038 dilectione
556 3982 763 4054 relinquitur;
779 3981 911 4054 denique
926 3981 1081 4040 scribtura
1093 3996 1167 4038 cum
1182 3981 1253 4038 illos
1267 3981 1318 4038 di-

199 4093 231 4136 es
246 4078 462 4136 dinumeraret
475 4093 515 4135 ex
529 4077 647 4151 ordine,
662 4095 822 4158 nusquam
837 4080 1027 4151 interposuit
1040 4079 1230 4137 vocabulum
1245 4093 1318 4137 noc·

198 4178 260 4249 tis;
277 4187 341 4234 non
356 4178 454 4248 enim,
469 4178 514 4234 ait
527 4177 654 4251 alicubi,
671 4178 752 4236 iacta
766 4183 814 4236 est
828 4193 890 4235 nox
905 4178 961 4237 sed
975 4177 1056 4235 facta
1069 4184 1119 4235 est
1131 4187 1263 4249 vespera
1277 4183 1311 4234 et
1324 4176 1384 4235 lac·

199 4278 268 4331 tum
284 4278 334 4331 est
348 4288 443 4331 mane
457 4274 527 4332 dies
541 4290 638 4346 unus,
653 4277 698 4333 ita
713 4275 781 4333 dies
796 4275 956 4333 secundus
970 4281 1003 4333 et
1021 4277 1125 4333 ceteri.
1141 4276 1282 4348 cognitio
1297 4275 1414 4348 quippe

200 4377 362 4431 creaturae
377 4374 411 4431 in
432 4388 469 4432 se.
480 4374 550 4445 ipsa
569 4372 774 4433 decoloratior
793 4380 852 4446 est,
869 4379 907 4432 ut
920 4375 966 4431 ita
979 4372 1093 4444 dicam,
1109 4388 1205 4447 quam
1219 4374 1253 4430 in
1269 4375 1324 4431 Dei
1338 4371 1465 4445 sapien·

202 4471 245 4528 tia
259 4473 461 4544 cognoscitur
472 4472 562 4529 velut
576 4473 609 4530 in
624 4478 689 4530 arte
703 4487 767 4546 qua
781 4473 862 4530 iacta
875 4477 933 4543 est,
948 4471 1018 4529 ideo
1031 4486 1162 4543 vespera
1175 4486 1256 4544 quae

202 4584 265 4628 nox
279 4572 506 4643 congruentius
523 4569 585 4629 dici
599 4576 702 4643 potest
717 4586 798 4645 quae
813 4577 929 4642 tamen,
944 4576 982 4628 ut
996 4570 1071 4638 dixi,
1087 4568 1214 4628 eumad
1232 4569 1363 4627 laudan·

204 4668 280 4728 dum
298 4673 330 4727 et
344 4668 515 4728 amandum
529 4670 660 4730 refertur
672 4675 842 4729 creatorem
857 4671 988 4728 recurrit
1002 4670 1036 4726 iu
1050 4682 1153 4741 mane,
1168 4673 1201 4726 et
1214 4668 1275 4728 hoc
