3082 5386
271 371 308 438 tt
695 389 849 441 usmetis
869 391 1061 442 scalmum.

312 557 359 627 At
376 555 580 630 membrana
594 557 691 630 rudis
703 560 900 653 epissaquo,
912 562 1068 653 pessima
1083 559 1198 653 ligura
1208 561 1478 652 litterarumBIt,

269 671 421 764 denique
454 674 722 766 quaternionum
753 677 857 768 signa
889 677 926 748 iu
959 677 1076 748 media
1100 678 1276 749 inferioris
1317 682 1480 772 marginis

268 796 380 880 purte,
400 809 470 859 non
495 789 533 860 in
559 790 687 881 angulo
707 790 840 878 dextro,
869 794 997 884 scripta
1023 801 1116 864 sunt.
1138 794 1240 866 Unde
1272 795 1481 887 probabilius

267 901 308 974 fit
326 903 477 974 scribam
496 905 627 1000 saeculi
647 908 722 976 VIII
739 908 916 979 imitatum
935 929 1013 980 esse
1034 908 1217 1001 exemplar
1230 911 1370 982 saeculi
1383 912 1477 985 sexti.

312 1019 425 1091 Aliam
444 1020 636 1112 imaginem
654 1023 735 1094 vide
755 1044 810 1116 ap.
832 1025 994 1095 comitem
1013 1025 1057 1096 de
1075 1025 1232 1108 Bastard,
1255 1028 1435 1098 Periclem
1453 1041 1478 1097 et

269 1149 469 1222 oroemeots,
489 1136 561 1208 tab.
582 1141 628 1210 X.

715 1510 891 1579 TABVLA
914 1512 1038 1581 XLVII

310 1760 498 1829 Bnnoutm.
510 1757 744 1830 Bibliothecae
757 1759 876 1850 regiae
886 1758 996 1831 codex
1006 1760 1067 1832 lat.
1081 1761 1122 1831 83
1133 1761 1238 1853 (inter
1252 1761 1469 1855 Phillippioos

268 1874 520 1963 tristioris
546 1899 553 1946 :
578 1876 734 1945 Concilio
754 1876 889 1945 Galliae
910 1876 977 1967 [ed.
1004 1877 1177 1964 Sirmond,
1206 1885 1233 1948 t.
1264 1881 1294 1965 I,
1322 1901 1356 1972 p.
1387 1880 1467 1967 till.

653 2104 763 2149 AGUST.

319 2228 428 2272 eorum
443 2219 475 2271 et
489 2216 611 2273 cunctis
626 2217 789 2287 scripturis
803 2231 912 2273 eorum
927 2231 1008 2288 quae

319 2318 407 2370 extra
420 2327 571 2370 canonem
584 2313 742 2370 habentur
755 2315 904 2371 ecclesiae
919 2329 998 2386 quas
1011 2313 1090 2372 fides

319 2416 403 2468 recta
416 2425 480 2468 non
494 2412 613 2482 recipit,
629 2411 799 2469 anathema
812 2395 870 2469 eit.¹

319 2582 389 2651 †In
403 2579 512 2639 Christi
524 2579 645 2636 nomine
658 2595 716 2653 ego
730 2579 900 2654 Prosperla)
914 2581 997 2638 hane
1011 2582 1164 2640 cartulam
1176 2583 1307 2643 anathe-

320 2681 414 2736 matis
428 2679 669 2736 Manacheorum
683 2680 783 2753 religi,
799 2684 831 2736 et
841 2678 1065 2752 anathemaim)

321 2775 429 2834 dicens
443 2776 591 2834 omnibus
606 2777 825 2848 suprascriptis
837 2776 995 2833 erroribus
1160 2764 1164 2770 ’

320 2889 419 2933 manu
431 2876 555 2947 propria
567 2875 728 2946 suscripsi,
743 2880 776 2930 et
787 2873 960 2945 repudiatis
971 2875 1122 2934 omnibus

321 2987 430 3031 eorum
441 2973 646 3044 inpietatibus
660 2970 721 3029 fide
735 2973 920 3044 plenissima
930 2972 1083 3031 doctrinis

321 3085 429 3129 eorum
443 3076 476 3128 et
487 3069 708 3128 tradIIionibus
722 3069 944 3143 anathematml
959 3069 1025 3127 dixi
1040 3075 1073 3128 et

320 3168 400 3241 dico,
415 3174 447 3226 et
460 3183 511 3227 me
525 3183 743 3241 quaecumque
757 3169 889 3225 ecclesia
902 3167 1058 3226 catholica

320 3267 486 3325 confitetur
499 3265 621 3324 credere
633 3271 665 3323 et
679 3267 770 3339 sequi
784 3266 818 3323 in
831 3265 982 3324 omnibus

321 3365 381 3423 sub
396 3364 614 3422 testificatione
628 3363 736 3421 divina
747 3364 898 3435 pulliceor
911 3367 1008 3435 atque

320 3464 477 3536 promitto.
492 3464 637 3521 Notatum
650 3460 711 3519 sub
725 3460 774 3517 die
787 3463 860 3518 XIII
873 3461 1025 3517 Kalendas
1040 3459 1219 3520 decembres
1316 3490 1317 3494 =

320 3560 436 3617 Olibrio
443 3559 567 3632 juniore
575 3560 642 3616 viro
653 3557 821 3617 curestano
831 3556 963 3615 consule.
1013 3557 1428 3621 conciliumnrausicocom.

320 3658 431 3714 XXVI.
446 3658 483 3713 In
497 3657 609 3716 Christi
623 3656 743 3712 nomine
755 3655 863 3726 incipit
877 3656 1061 3713 constitutio
1075 3656 1294 3730 episcoporum

321 3755 355 3813 in
369 3756 495 3813 civitate
509 3753 659 3812 Arausica
672 3753 711 3810 do
726 3754 825 3826 gratia
838 3759 870 3809 et
882 3753 980 3811 libero
994 3753 1135 3813 arbitrio.

320 3857 342 3925 †
355 3855 433 3913 Cum
447 3852 487 3911 ad
501 3851 729 3909 dedicationem
742 3851 913 3923 basi[li]cae
927 3865 1024 3923 quam
1038 3852 1229 3910 inlustrissi-

321 3966 393 4010 mus
407 3949 582 4024 praefectus
596 3955 628 4007 et
641 3950 790 4021 patricius
804 3947 891 4006 filius
904 3954 1005 4005 noster
1018 3949 1163 4009 Liberius
1178 3951 1213 4009 in
1230 3951 1270 4008 A·

320 4051 445 4109 rausica
458 4050 584 4107 civitate
598 4045 783 4105 fidelissima
796 4045 961 4104 devotione
975 4049 1154 4106 construxit

312 4277 473 4349 Codicem
490 4277 585 4349 huno
604 4280 681 4350 fuse
695 4277 879 4368 descripsit
896 4277 1103 4348 Valentinus
1122 4280 1222 4363 Rosc,
1254 4279 1486 4350 Verzeicbniss

270 4401 329 4461 der
361 4393 422 4464 lot.
459 4393 649 4472 Handscltr.
681 4393 824 4486 (Berlin,
855 4391 978 4478 Asher,
1021 4391 1120 4476 1893,
1160 4393 1221 4484 4⁰),
1255 4415 1290 4485 p.
1321 4395 1483 4465 lot-171.

269 4510 438 4582 Eumdem
468 4532 545 4582 esse
573 4532 612 4580 ac
643 4538 660 4575 c
692 4511 845 4581 codicem
874 4507 1042 4580 eeclesiae
1067 4509 1313 4599 Lugdunensis
1344 4537 1360 4574 o
1390 4512 1486 4583 unde

268 4625 381 4696 multa
418 4626 527 4697 edidit
562 4625 779 4710 Sirmondus,
809 4621 970 4715 probavit
1004 4625 1165 4695 Maassen
1195 4624 1409 4718 (Sitzungsb.
1449 4624 1484 4698 d.
