3082 5386
282 390 319 454 36
707 408 857 457 uncrsnrs
879 409 1066 458 sonrrrunn.

322 578 372 646 De
391 594 431 646 eo
441 573 558 648 codice
573 575 689 667 agitur
701 577 793 668 apud
808 577 987 662 Silvestre,
1008 581 1167 669 Potdopr.
1188 579 1298 664 onio,
1314 579 1385 651 tab.
1405 580 1488 664 1133

279 690 418 769 Delisle,
443 692 521 770 eat.
542 690 599 760 des
616 715 708 777 msa,
724 695 794 762 tab.
811 695 871 777 IX,
889 694 920 764 6.
938 694 1029 764 Olim
1046 693 1276 767 bibliothecae
1298 695 1491 766 Sedanensi

185 901 188 908 Ι
281 805 382 877 datos
400 814 475 878 erat
494 830 515 877 a
533 807 776 899 Christophoro
790 813 811 879 J
813 809 916 881 ustel.

323 1045 356 1114 2⁰
384 1047 533 1118 Bnauan
559 1046 597 1116 in
627 1047 798 1119 Helvetia.
829 1047 1063 1118 Bibliothecae
1088 1047 1240 1118 civitatis
1268 1046 1377 1118 codex
1408 1048 1485 1130 380,

279 1159 338 1231 iol.
359 1160 401 1230 25
427 1177 436 1229 ε
466 1160 650 1233 Cledonius
677 1163 925 1253 grammaticus
952 1162 1017 1254 [ed.
1038 1163 1128 1249 Keil,
1154 1166 1306 1234 Gramm.
1338 1164 1413 1249 lat,
1445 1167 1485 1247 V,

279 1295 314 1367 p.
331 1275 387 1361 23,
408 1276 506 1346 eti-tl
544 1277 590 1368 l].

522 1482 561 1539 ab
575 1483 635 1540 hoc
648 1489 680 1540 et
694 1485 732 1542 ab
747 1484 807 1543 hac
820 1489 852 1542 et
865 1483 904 1542 ab
921 1485 982 1542 hoc
995 1485 1133 1557 legente.

525 1580 652 1652 semper
664 1582 827 1653 participia
839 1583 1014 1653 praesentis
1029 1581 1177 1653 temporis

523 1677 698 1735 ablativum
712 1680 905 1751 singularem
920 1680 953 1736 in
968 1694 984 1736 e
999 1679 1140 1736 litteram

523 1776 666 1849 mittunt,
681 1778 755 1834 licet
767 1778 952 1850 genetivum
966 1778 1121 1849 pluralem

522 1873 556 1929 in
570 1875 646 1930 iun¹
663 1875 807 1932 mittunt.
827 1874 854 1931 A
868 1875 986 1933 berbo²
1000 1876 1101 1933 activo
1116 1882 1195 1932 tem-

522 1973 606 2042 poris
620 1971 728 2043 futuri,
743 1973 907 2045 participia
918 1975 980 2030 ista
992 1973 1091 2030 iuturi

524 2071 671 2141 temporis
684 2070 722 2126 ab
738 2064 839 2127 activo
854 2072 1069 2128 masculinum

524 2172 556 2223 et
569 2172 718 2224 neutrum
731 2166 887 2225 secundae
902 2168 1123 2225 declinationis

522 2263 650 2337 habent,
664 2263 853 2323 femininum
867 2267 1004 2337 primae;
1019 2265 1097 2323 haec

521 2368 553 2420 et
564 2363 625 2419 alia
639 2363 754 2420 similia
765 2364 856 2436 juxta
870 2363 953 2420 hanc
965 2362 1210 2421 declinationem

521 2458 708 2517 inflectenda
722 2468 807 2518 sunt.
823 2460 850 2518 A
862 2461 959 2519 herbo
974 2461 1123 2533 temporis

521 2559 694 2630 praesentis
709 2559 871 2629 participia
885 2562 946 2615 ista
961 2563 1079 2629 praete-

520 2657 571 2712 riti
587 2657 745 2728 temporis,
761 2672 780 2713 a
793 2657 917 2727 passivo
931 2656 990 2713 has
1005 2655 1146 2713 declina-

521 2755 623 2810 tiones
637 2754 756 2811 habent
768 2768 847 2826 quas
862 2753 959 2811 iuturi
974 2754 1013 2811 ab
1030 2754 1142 2811 activo.

520 2852 685 2922 Partioipia
698 2852 858 2909 venientia
872 2866 890 2908 a
903 2852 997 2908 verbo
1012 2854 1138 2923 passivo

522 2949 641 3007 similes
656 2948 881 3007 declinationes
899 2948 1038 3020 habent3

520 3046 599 3104 haec
612 3048 768 3116 praeteriti
783 3048 931 3117 temporis
946 3044 1096 3104 secundae

521 3143 740 3201 declinationis
755 3146 878 3203 suntin
892 3146 1108 3202 masculinum

521 3247 553 3298 et
566 3247 726 3314 neutrum,
740 3242 928 3299 femininum
943 3244 1075 3314 primae.

664 3338 703 3396 de
718 3341 940 3413 conjunctione

497 3435 685 3517 Coniunctio
699 3452 747 3503 est
761 3461 832 3517 pars
846 3447 994 3504 orationis
1009 3445 1092 3503 dicta
1107 3444 1192 3519 quod

520 3542 635 3616 jnngat
648 3545 866 3616 elocutionem,
880 3559 954 3601 nam
969 3545 995 3600 si
1011 3542 1080 3600 dico
1096 3561 1103 3600 :
1120 3557 1179 3616 ego

523 3645 559 3696 tu
574 3640 734 3712 iaciamus,
751 3657 815 3698 non
829 3642 954 3713 utrique
969 3656 1070 3698 sermo
1085 3641 1221 3712 comple·

524 3737 1276 3818 tusest,adaduoietimpleviturelocutio,ut:ego

526 3841 558 3892 et
573 3840 609 3892 tu
623 3834 785 3894 iaciamus.

325 4039 430 4112 Liber
452 4040 535 4111 olim
553 4039 729 4110 Francisci
747 4038 894 4124 Pithoei‚
914 4041 1015 4131 cnjus
1037 4038 1296 4130 inscriptionem
1319 4038 1356 4108 in
1379 4038 1492 4130 primo

281 4155 361 4225 folio
380 4157 529 4250 positam
550 4174 558 4226 ε
583 4185 598 4220 r
619 4161 657 4228 P.
688 4155 812 4225 Pithon
837 4156 905 4226 emi
932 4154 1141 4225 Basiliae...
1174 4153 1259 4224 1568
1281 4181 1297 4217 »
1319 4156 1494 4246 expressit

281 4275 318 4341 G.
349 4273 388 4342 G.
423 4272 568 4344 Mueller
601 4293 680 4342 cum
708 4271 898 4362 specimine
930 4270 1122 4362 scripturae
1158 4269 1268 4362 ipsius
1298 4270 1428 4341 codicis
1456 4271 1494 4340 in

312 4521 335 4570 l.
350 4519 410 4569 ium
422 4535 492 4571 corr.
507 4518 643 4585 posterius.

310 4599 334 4649 2.
350 4599 454 4662 Postea,
469 4600 511 4649 hio
527 4607 551 4650 et
564 4600 643 4665 infra,
657 4599 735 4649 verbo
750 4613 820 4649 corr.

311 4680 335 4731 3.
350 4681 418 4731 adde
432 4687 456 4730 et
471 4696 539 4734 corr.
552 4680 690 4745 posterius.
