3082 5386
716 433 867 482 nucleus
888 434 1079 483 scalarum.

341 608 413 674 post
426 618 500 660 eum
519 603 663 676 sequitur
676 603 888 675 octogesimus
906 617 1010 663 nonus
1025 604 1067 677 [et
1082 604 1285 678 centesimus]
1306 607 1450 680 primus;

342 701 376 756 in
390 702 583 758 centensimo
598 703 699 773 primo
714 700 829 758 dicitur
844 718 851 758 :
870 722 883 753 «
899 702 1003 759 Oratio
1018 703 1167 774 pauperis

343 812 416 855 cum
430 798 608 856 acediatus¹
623 799 717 855 fuerit
731 798 781 871 [et]
797 799 831 855 in
846 805 1016 870 conspectu
1029 801 1152 858 Domini
1167 801 1283 859 fuderit

340 897 512 952 orationem
526 909 618 952 suam
633 915 657 953 r.
673 897 752 952 ista·
767 898 863 954 oratio
877 897 977 968 Moysi
992 898 1131 955 hominis
1143 900 1207 955 Dei.

338 994 488 1065 Legimus
502 994 660 1051 canticum
678 993 779 1064 Moysi
793 996 826 1051 in
840 993 945 1052 Exodo
959 1010 995 1051 eo
1012 1001 1149 1065 temporo

339 1089 464 1162 quando
478 1091 615 1162 populus
630 1105 714 1148 mare
727 1092 872 1149 transivit
888 1092 1030 1149 Rubrum
1049 1097 1081 1148 et
1098 1091 1150 1149 dc-

338 1201 440 1246 merso
454 1189 589 1245 Faraone
603 1192 635 1244 et
649 1197 760 1245 omne³
773 1190 843 1262 ejus
857 1191 997 1247 exercitu
1010 1190 1106 1247 Maria
1119 1205 1166 1248 ce-

339 1285 416 1343 cinit
429 1291 461 1342 et
473 1286 615 1358 Moyse53
631 1285 744 1343 deinde
758 1287 895 1360 legimus
908 1291 939 1344 et
952 1288 986 1343 in
1000 1289 1177 1346 Deuterono
1189 1288 1202 1361 ΙΙ
1214 1289 1277 1345 mio

330 1515 490 1587 (lodicem
517 1517 647 1588 saeculi
675 1517 768 1588 sexti
798 1518 855 1588 vel
883 1517 1023 1609 septimi
1046 1517 1250 1609 judicabant
1279 1521 1499 1594 Benedictini

288 1633 409 1724 (Nouo.
438 1632 551 1717 truite,
571 1636 630 1716 III,
658 1654 691 1724 p.
715 1633 769 1718 36,
791 1632 846 1718 tl,
870 1633 962 1722 ¹67).
987 1636 1112 1704 Forma
1139 1634 1280 1725 quidem
1301 1636 1500 1710 litterarum

287 1769 368 1820 oum
386 1757 537 1821 exeunte
555 1757 656 1821 sexto
675 1749 814 1820 saeculo
831 1770 1023 1840 congruere
1041 1749 1192 1821 videtur.

331 1963 364 2032 2ο
387 1967 555 2034 Parusus.
580 1960 814 2033 Bibliothecae
842 1962 975 2054 patriae
998 1963 1072 2034 cod.
1100 1963 1161 2033 lat.
1188 1963 1316 2050 tutat,
1337 1965 1395 2035 sol.
1423 1967 1466 2037 79
1488 1991 1496 2038 :

286 2078 403 2150 Basilii
430 2077 611 2164 homeliae,
638 2078 827 2170 interprete
851 2078 973 2147 Rufino
995 2078 1210 2170 Aquileiensi
1228 2080 1371 2171 [Mlgne‚
1391 2084 1494 2152 Patr.

185 2199 187 2204 “
285 2217 416 2289 praec,
435 2197 565 2282 XXXI,
588 2193 700 2285 1733].

496 2389 623 2449 nxrlieit
641 2392 751 2451 Brsnn
765 2403 906 2450 nrmuorr
920 2405 962 2449 nn
977 2405 1115 2450 mvmu.

496 2487 609 2562 moipit
622 2503 664 2546 nn
679 2502 720 2547 no
733 2499 819 2556 ouon
832 2500 990 2546 serrarum
1003 2501 1059 2546 rrsr
1074 2505 1081 2545 ε

495 2600 639 2645 amaron
651 2599 713 2644 rmr
724 2599 769 2644 rur
783 2599 854 2644 rur
869 2599 903 2644 m
917 2598 1022 2644 conon

496 2697 556 2743 ruo
571 2695 677 2744 sunno
689 2695 849 2742 occunrus
862 2694 1037 2750 nuonrrm.

496 2860 653 2919 Sermonis
671 2875 768 2919 usum
785 2861 866 2917 Deus
883 2860 975 2919 nobis
992 2861 1047 2933 qui
1063 2874 1122 2917 nos
1140 2860 1256 2918 creavit

495 2958 630 3017 indulsit
636 2963 697 3031 'pro
711 2973 747 3017 co
761 2964 799 3016 ut
811 2957 912 3017 cordis
926 2961 1049 3017 occulta
1061 2959 1163 3017 consi-

494 3057 538 3115 lia
554 3058 691 3115 invicem
702 3056 795 3116 nobis
808 3058 896 3115 verbi
909 3057 1083 3115 ministerio
1096 3071 1173 3128 pan·

494 3154 640 3214 daremus
654 3162 686 3213 et
696 3170 751 3227 pro
765 3157 926 3214 communi
940 3157 973 3213 in
987 3157 1172 3213 alterutrum

493 3252 656 3312 affcctione
670 3259 801 3312 naturae
816 3254 1038 3328 unusquisque
1054 3268 1128 3311 nos·

494 3355 578 3408 trum
590 3352 731 3424 proximo
745 3364 803 3409 suo
818 3353 906 3410 velut
919 3366 958 3409 ex
971 3352 1092 3409 arcanis
1106 3350 1233 3424 quibus-

493 3447 566 3506 dam
579 3447 747 3506 domiciliis
761 3450 901 3507 consiliis
915 3453 1034 3507 secreta
1046 3447 1206 3520 deprome·

492 3553 557 3619 ret;
574 3547 602 3604 si
615 3547 700 3604 anim
715 3546 802 3605 nuda
815 3533 1033 3605 tantummodo
1048 3552 1143 3618 atque
1158 3547 1206 3603 in·

492 3649 575 3703 tecta
585 3646 691 3703 anima
703 3645 902 3716 viverimus⁴,
916 3660 955 3702 ex
966 3645 1044 3717 ipsis
1060 3649 1185 3702 tantum

491 3744 607 3801 mentis
621 3742 761 3800 motibus
774 3747 869 3815 atquo
883 3742 1113 3801 intentionibus

492 3841 719 3914 cogitationum
733 3841 918 3897 alterutrum
931 3854 1140 3911 nosceremur,

491 3939 623 4010 virum⁸‚
634 3938 785 4010 quoniam
798 3938 888 4010 vigor
901 3938 1023 3995 animae
1038 3938 1194 3994 velamine

492 4035 594 4094 carnis
603 4035 741 4107 operitur
753 4035 794 4093 ad
806 4034 975 4094 indicanda
987 4040 1083 4107 atque
1093 4034 1128 4091 in

490 4132 650 4206 publicam
664 4133 774 4191 faciem
788 4132 971 4206 proferenda
984 4148 1021 4192 ea
1035 4146 1116 4206 quae

311 4392 334 4443 1.
346 4391 404 4442 Vox
418 4403 449 4440 ea
461 4404 539 4440 mauu
555 4389 712 4441 correctoris
721 4388 811 4440 addita
823 4401 873 4454 pro
888 4387 995 4454 vrrlgata
1007 4387 1119 4441 lectione
1129 4389 1266 4442 anxiatus.

309 4469 336 4519 2.
355 4470 432 4520 Gorr.
450 4470 508 4520 iate.

308 4551 332 4602 3.
351 4549 426 4600 Oorr.
442 4551 525 4600 omni.

308 4629 333 4680 4.
348 4628 426 4680 Gorr.
443 4629 604 4680 viveremus.

308 4710 333 4764 5.
348 4708 421 4760 Gorr.
435 4722 538 4761 voum.
