3392 5560
596 501 735 552 annino
755 501 910 552 smum·

319 677 523 736 contristatus
536 680 586 734 est
598 674 685 732 enirn
696 687 793 746 super
804 672 907 732 David
919 688 957 733 eo
971 673 1056 748 quod

390 771 585 833 confudisset
597 787 672 831 eum
685 777 772 844 pater
784 786 865 830 suus

319 887 455 945 cumque
469 871 637 929 inluxisset
650 885 743 929 mane
755 871 845 927 venit
857 871 874 926 J
876 869 1015 928 onathan

319 972 352 1029 in
366 985 476 1044 agrum
484 969 577 1042 juxta
589 970 742 1040 placitum
756 967 856 1027 David
868 972 902 1025 et
912 981 990 1040 puer

388 1068 541 1140 parbulus
553 1081 627 1125 oum
641 1081 688 1138 eo,
704 1071 736 1123 et
749 1066 794 1124 ait
806 1064 846 1124 ad
860 1079 994 1138 puerum
1009 1081 1104 1126 suum
1120 1085 1127 1125 :

318 1166 403 1225 Vade
418 1171 450 1223 et
462 1164 549 1223 odiet·
559 1164 641 1223 mihi
656 1165 788 1237 sagittas
801 1165 1066 1238 qumegojac103

318 1278 454 1336 cumque
471 1277 549 1334 puer
562 1262 752 1320 cucurrisset
762 1261 840 1334 jecit
852 1261 947 1320 aliam
961 1263 1056 1336 sagit

387 1367 453 1420 tam
468 1367 554 1418 trans
563 1371 711 1432 puerum;

318 1460 406 1519 venit
417 1461 524 1534 itaque
537 1473 617 1532 puer
629 1457 670 1517 ed
683 1460 787 1518 locum
798 1458 896 1532 jaculi
911 1457 997 1532 quod
1009 1459 1103 1518 mise-

388 1564 436 1617 rat
448 1557 606 1617 Jonathan

317 1663 350 1716 et
362 1655 511 1716 clamabit
524 1655 680 1714 Ionathen
692 1659 762 1726 post
778 1660 902 1727 tergum
915 1655 1006 1727 pueri
1020 1661 1052 1714 et
1066 1658 1130 1714 ait:
1194 1693 1202 1700 -

317 1769 389 1815 ecce
403 1755 448 1812 ibi
462 1761 511 1812 est
525 1755 641 1828 sagitta
654 1767 743 1826 porro
756 1755 841 1812 ultra
852 1759 882 1811 te

317 1853 528 1926 clamabitque
541 1852 698 1910 Jonathan
712 1857 784 1923 post
799 1857 923 1924 tergum
936 1852 1026 1923 pueri

388 1955 420 2007 et
433 1951 478 2007 ait
493 1967 500 2006 :
517 1947 631 2007 festina
644 1948 793 2007 velociter
805 1962 846 2005 ne
860 1948 1000 2020 steteris;

317 2047 444 2122 mllegit
456 2051 564 2106 autem
577 2060 656 2118 puer
668 2045 820 2104 Jonathae
836 2045 967 2120 sagittas
981 2050 1015 2104 et

386 2143 504 2204 adtulit
517 2142 562 2202 ed·
570 2142 735 2202 dominum
749 2155 845 2202 suum

197 2394 331 2467 Codicis
359 2395 435 2487 ejus
461 2391 643 2486 quaternio
669 2391 794 2463 unicus
823 2379 995 2486 superest,
1019 2393 1179 2485 signatus
1206 2396 1245 2475 Q.
1272 2416 1296 2466 v
1322 2395 1360 2466 in

154 2511 277 2604 angulo
296 2511 419 2582 dextro
438 2509 500 2579 imi
517 2507 695 2599 marginis.
713 2508 846 2598 Pagina
863 2528 1021 2600 quaeque
1040 2509 1082 2580 28
1100 2508 1158 2580 vel
1176 2508 1218 2579 29
1237 2528 1360 2582 versus

153 2629 312 2700 eontinet.
335 2631 541 2720 Quanquam
559 2623 696 2695 litterae
710 2623 798 2695 mire
816 2623 908 2695 inter
925 2643 964 2696 se
980 2624 1144 2716 ligantur,
1163 2625 1261 2695 nulla
1278 2645 1358 2697 ver·

152 2745 282 2842 borum*
304 2742 511 2834 compendia
536 2746 734 2813 occurrunt.
765 2740 922 2810 cursorio
951 2739 1071 2832 generi
1099 2742 1295 2832 proximum
1322 2741 1358 2812 id

150 2879 258 2950 genus
278 2859 469 2951 scripturae
488 2878 558 2928 non
578 2856 725 2949 septimo
745 2857 882 2928 saeculo
901 2857 1072 2949 posterius
1090 2856 1240 2928 videtur.

562 3214 738 3284 TABVLA
773 3215 982 3286 LXXXVIII

186 3461 329 3531 Roman.
355 3455 589 3527 Bibliothecae
612 3455 745 3548 patriae
773 3475 792 3524 e
819 3453 968 3524 Victoria
999 3453 1191 3525 Emanuele
1216 3473 1354 3526 nuncu·

146 3585 244 3664 patae
263 3573 340 3644 cod.
362 3571 461 3658 2099,
482 3571 541 3642 iol.
563 3571 627 3640 37:
657 3571 888 3662 Augustinus,
912 3570 1162 3662 Confessioaes,
1190 3572 1263 3655 VII,
1295 3569 1354 3639 21-

143 3693 230 3773 VIII,
251 3689 310 3758 t-2
331 3691 378 3779 [p.
391 3688 467 3772 168,
481 3686 558 3757 tit-t
566 3685 652 3771 71,7
668 3685 829 3758 editionis
847 3685 944 3756 aPio
955 3685 1081 3758 Knoell
1091 3687 1192 3758 datae
1204 3687 1241 3756 in
1249 3688 1350 3778 (torp.

143 3805 261 3896 script.
283 3804 367 3874 ecci.
390 3803 459 3873 vol.
479 3804 642 3886 XXXIII,
663 3799 810 3871 VIndob.
833 3799 946 3889 ittet.

142 4001 225 4060 siout
238 3999 431 4071 supplicium
447 4009 455 4071 ;
470 3998 549 4056 haec
561 3997 641 4056 mihi
653 3998 924 4058 inviscerabantur
937 3997 1025 4056 miris
1038 3998 1142 4058 modis
1162 4013 1235 4058 cum
1253 3999 1349 4058 mini·

141 4113 230 4158 mum
243 4097 504 4169 apos-titolorum
519 4101 646 4154 tuorum
659 4097 805 4170 legerem,
825 4102 858 4155 et
879 4097 1148 4156 consideraveram
1173 4109 1266 4170 opera
1293 4102 1349 4156 tua
1403 4092 1406 4096 ’

139 4202 170 4256 et
182 4208 380 4266 expaveram.

138 4291 299 4352 EXPLiGit
314 4293 411 4350 Lffler
424 4293 480 4350 VII
493 4291 789 4352 CONFESSIONUM.
810 4291 933 4352 matra
949 4293 1047 4351 LIBer
1073 4295 1145 4352 VIII
1169 4293 1347 4352 EIUSDEM.

138 4391 228 4448 Deus
241 4389 354 4462 uude,
369 4391 571 4450 RBGORDER
586 4391 625 4450 [Ν
643 4391 870 4449 GRATIARUM
883 4393 1046 4452 ACTIONE
1060 4391 1137 4450 ΤΙΒΙ
1153 4393 1201 4449 ΕΤ
1219 4391 1348 4450 CONFI-

139 4488 240 4546 TEAR
267 4487 586 4563 MISERIGORDIAStt
605 4494 675 4547 tuas
699 4502 793 4562 super
819 4500 898 4562 me;
926 4488 1154 4561 perfundantur
1180 4503 1253 4548 ossa
1278 4503 1350 4547 mea

141 4585 308 4646 dilectione
317 4590 415 4644 tuaet
427 4585 536 4644 dicant
545 4603 552 4644 :
562 4587 691 4645 Domtne
706 4588 777 4660 quis
787 4587 897 4659 simi-tt
907 4586 1035 4644 listibIt
1048 4585 1210 4659 dirrupisti
1221 4587 1350 4646 vincula

140 4699 218 4755 mea,
230 4681 402 4742 sacriticem
415 4683 473 4741 tibi
488 4683 676 4743 sacrificium
690 4685 804 4743 laudis.
823 4684 982 4752 Quomodo
997 4684 1056 4743 dir·
1065 4686 1081 4757 ΙΙ
1091 4685 1204 4757 rupisti
1218 4699 1264 4756 ea,
1280 4699 1350 4744 nar·

139 4781 222 4853 raho,
243 4785 276 4838 et
289 4780 396 4840 dicent
407 4796 518 4842 omnes
532 4783 588 4855 qui
601 4781 732 4842 adorant
750 4788 782 4842 te
802 4797 876 4842 cum
894 4781 1030 4842 audiunt
1043 4783 1121 4843 haec
1133 4799 1140 4840 ε
1154 4782 1235 4855 ire-tt
1244 4780 1349 4841 nodio·
