3082 5386
284 367 323 439 118
710 386 860 435 numanae
881 375 1066 437 1111111111.

327 552 461 644 Pagina
485 552 546 624 211
572 553 732 644 elegante
754 556 882 626 unciali
906 558 1056 650 scripta,¹
1077 564 1131 629 est
1156 557 1193 629 in
1217 557 1336 631 codice
1361 558 1474 630 minus·

282 667 370 740 culis
401 669 660 741 characteribus
688 672 811 743 referto
822 692 833 758 ;
859 672 952 744 unde
987 673 1127 765 utrique
1160 673 1337 746 scribendi
1373 677 1477 766 generi

281 784 403 858 eadem
426 786 566 858 omnino
593 795 706 873 aetas,
736 787 772 857 id
793 796 848 858 est
865 787 947 858 finis
965 789 1078 861 octavi
1101 791 1245 874 saeculi,
1271 791 1340 861 nisi
1364 792 1479 883 prinoi-

281 901 378 993 pium
399 903 482 973 noni
501 903 613 994 magis
632 902 696 973 tibi
714 901 877 974 arrideat.
898 903 986 975 Vide
1006 903 1276 996 descriptionem
1295 927 1316 976 a
1334 906 1481 978 Gabriele

279 1018 387 1090 troies
402 1019 530 1090 luctam
549 1018 743 1110 (Catuloqus
762 1017 912 1087 codicum
927 1041 1001 1087 mss.
1017 1019 1078 1110 qui
1092 1020 1129 1088 in
1143 1020 1343 1090 bibliotheca
1357 1045 1479 1091 moues·

278 1133 357 1203 terii
374 1133 597 1204 Eiuoidleusis
614 1146 800 1220 seruantur,
822 1133 1007 1219 Einaidlae,
1024 1134 1126 1226 1899,
1145 1157 1180 1228 p.
1203 1135 1295 1228 128).

747 1471 922 1542 Tauvta
944 1473 1017 1540 LVI

319 1697 487 1767 Panrsns.
507 1691 742 1764 Bibliothecae
762 1693 893 1783 patriae
912 1691 987 1761 cod.
1010 1691 1069 1761 lat.
1091 1690 1217 1778 13017,
1239 1693 1298 1765 111.
1328 1694 1395 1764 112
1422 1703 1457 1764 1ο
1476 1719 1484 1767 :

274 1809 591 1903 Pseudo-Cypriani
608 1813 755 1880 Carmen
773 1807 815 1877 de
832 1807 1074 1877 resurrectione
1098 1810 1330 1878 mortuorum'
1350 1813 1399 1903 [p.
1425 1810 1483 1881 321

275 1926 332 1999 ed.
352 1925 473 1998 Hartel
498 1925 589 1997 inter
607 1944 711 2017 opera
729 1924 860 2017 spuria.
882 1925 981 2016 Gorp.
994 1944 1060 1994 scr.
1076 1923 1161 1995 eccl.
1175 1924 1245 1994 vol.
1265 1927 1325 2011 III,
1340 1926 1486 1996 Vindob.

276 2044 390 2133 rarq.

406 2231 444 2288 Et
458 2230 527 2288 ideo
539 2228 640 2303 du[m]
653 2230 719 2287 vita
731 2234 848 2302 manet,
864 2229 942 2288 dum
954 2243 1078 2302 carpere
1096 2231 1201 2288 lucem

406 2329 490 2387 Dum
503 2329 654 2400 paeniteri
668 2329 742 2385 licet
753 2328 940 2401 priusquam
955 2328 1113 2386 terminus
1125 2329 1176 2387 evi

407 2427 538 2497 Oocnpit
551 2427 694 2484 incautos
707 2430 739 2481 et
750 2426 857 2483 nescia
870 2425 993 2483 lumina
1007 2426 1119 2497 solvat,

405 2523 543 2579 Ultimus
557 2521 610 2579 ille
624 2520 691 2578 dies
706 2521 798 2578 morti
809 2519 865 2592 qui
880 2521 948 2592 lege
963 2524 1100 2578 tenetur.

406 2619 495 2687 Quod
508 2620 645 2690 primum
658 2623 812 2690 superest,
828 2632 895 2676 1111
910 2618 1039 2689 vigilate
1055 2618 1193 2675 salutem

405 2719 444 2775 Et
457 2716 547 2774 laeile
559 2719 675 2788 eritque
686 2715 806 2773 bonum
821 2715 974 2773 deflectite
989 2729 1120 2773 cursum

405 2818 479 2874 Post
492 2821 576 2873 erata
589 2815 656 2872 suis
671 2818 702 2871 et
714 2827 840 2884 praessa
853 2813 978 2884 piacula
992 2813 1089 2869 sacris

405 2916 537 2986 Postque
550 2926 631 2986 vaga
641 2912 777 2968 nimium
791 2925 871 2983 quos
883 2924 994 2968 vexare
1007 2910 1158 2981 procellas

405 3012 516 3069 Rectas
530 3009 613 3067 adite
626 3010 694 3066 vias
708 3013 740 3064 et
753 3007 913 3065 flammina
926 3011 1011 3065 recta
1026 3012 1141 3065 tenete.

405 3108 487 3165 Hinc
499 3109 581 3165 laeta
594 3109 682 3178 prius
694 3105 809 3164 animis
823 3104 964 3177 repellite
979 3105 1102 3163 crimen

405 3207 444 3263 Et
456 3212 598 3264 concreta
610 3206 666 3263 diu
679 3206 842 3276 proluatur
855 3209 978 3274 pectore
991 3204 1094 3274 culpa,

405 3305 492 3361 Tunc
506 3305 623 3361 omissa
635 3304 710 3360 mali
725 3303 817 3359 mites
831 3301 953 3359 abolete
968 3300 1130 3359 nefandas.
1267 3365 1270 3373 Δ

405 3402 607 3473 aeternisque
628 3399 793 3457 Dominum
815 3400 977 3471 praecibus
999 3401 1119 3471 placate
1138 3397 1352 3456 tremendum.

404 3500 544 3556 Pessima
557 3504 671 3556 cuncta
681 3499 773 3555 bonis
788 3497 901 3556 cedant
914 3497 1057 3555 mortalia
1074 3497 1156 3554 vivis

405 3594 494 3661 Quod
505 3610 627 3654 servare
640 3610 753 3653 novam
763 3595 894 3669 jamjam
908 3596 977 3652 sine
989 3595 1121 3652 crimine
1135 3594 1244 3666 vitam,

404 3694 443 3750 Et
455 3697 574 3750 servate
588 3694 656 3764 pias
671 3706 803 3764 veroque
815 3694 849 3749 in
864 3692 993 3749 nomine
1008 3696 1141 3762 mentes,

405 3791 450 3848 Ac
461 3790 586 3848 veniam
600 3791 709 3861 primis
724 3790 877 3860 supplicis
892 3794 998 3862 rogate
1012 3787 1148 3847 delictis.

404 3889 538 3962 JamJ'am
549 3904 628 3960 pura
638 3890 699 3960 piis
712 3892 925 3946 maturescant
940 3886 1032 3945 corda
1046 3887 1164 3944 colonis

404 3989 619 4058 Innocuasque
631 4000 747 4043 manus
760 3985 922 4056 praecibus
933 3987 1066 4042 attollite
1076 3985 1174 4057 justis

404 4083 572 4154 Laudibus,
588 4087 620 4139 11
634 4082 740 4141 faciles
755 4081 871 4139 divinis
889 4080 1008 4138 reddite
1020 4095 1124 4152 rocca,

404 4181 617 4253 incipiantque
629 4180 722 4237 bonis
736 4180 876 4251 verisque
890 4177 1074 4235 adsuescere
1088 4183 1212 4235 mentes

404 4279 594 4350 Divinaeque
607 4279 709 4350 magis
724 4277 920 4334 celebrentur
934 4291 1066 4334 munera
1081 4276 1173 4348 legis,

404 4376 443 4432 Et
455 4379 625 4433 memorate
639 4374 722 4431 bona
736 4374 893 4446 simulque
904 4373 1043 4430 invadite
1058 4372 1149 4430 facta.

303 4567 326 4618 1.
344 4567 416 4618 Sicut
429 4573 455 4617 et
468 4581 530 4632 pars
543 4566 652 4630 paginae
666 4565 721 4618 211.

303 4648 327 4699 2.
343 4647 412 4698 otim
425 4647 521 4698 editum
534 4646 582 4697 sub
596 4645 698 4698 nomine
713 4645 873 4707 Tertulliani,
888 4644 921 4695 de
932 4644 1032 4709 judicio
1047 4642 1161 4696 Domini.

1004 4885 1016 4916 1
