3082 5386
526 415 665 465 srrrnro
684 415 840 466 serenio.
1230 401 1289 464 itt

153 584 379 655 provinciarum
393 585 536 659 episcopi,
550 586 758 645 intentionem
773 587 979 659 capitulorum
992 585 1076 643 beati
1090 586 1189 658 cyril-

152 682 175 738 li
187 683 296 740 minus
308 682 593 742 animadverterant
606 689 644 742 nt
654 699 692 742 ea
704 685 801 742 etiam
815 699 835 742 a
847 683 980 741 concilio
993 683 1096 755 Ephe-

678 795 754 840 seno
769 786 916 853 suscepta
929 781 1092 854 culparent

1000 878 1187 953 [quaternio]
1201 879 1285 938 XVI.

117 1031 154 1088 In
176 1030 319 1104 margine
343 1031 460 1089 lemma
482 1047 489 1090 :
513 1031 590 1091 Posr
609 1045 666 1091 our
680 1033 686 1104 ι
700 1045 795 1092 noun
810 1031 817 1104 Ι
831 1045 889 1092 usn
917 1044 958 1091 no
973 1031 979 1104 Ι
994 1044 1077 1091 curu
1093 1031 1099 1104 Ι
1114 1045 1146 1103 s,
1175 1030 1290 1089 deinde

70 1128 165 1187 notis
183 1128 350 1187 tironianis
366 1145 373 1186 ι
392 1129 464 1202 quia
476 1128 564 1203 potas
578 1128 758 1204 intermori
770 1127 868 1186 debuit
882 1132 889 1204 Ι
903 1144 939 1185 ac
952 1127 1059 1186 dciade
1071 1127 1200 1202 culpari.

123 1379 212 1448 Cum
230 1380 416 1450 Facundus
437 1378 635 1448 rusticiano
658 1376 787 1448 librum
812 1398 915 1448 suum
943 1397 1000 1447 an.
1025 1375 1090 1446 tlt
1113 1375 1288 1460 obtulerit,

67 1487 109 1562 is
132 1493 247 1564 codex
268 1514 339 1564 non
365 1502 446 1566 ante
475 1494 632 1564 medium
660 1503 801 1565 sextum
829 1492 1008 1563 saeculum
1033 1491 1137 1563 scribi
1162 1493 1289 1584 potuit,

67 1610 287 1698 pracsertim
318 1631 398 1681 cum
434 1618 554 1681 auctor
580 1611 618 1679 in
648 1610 760 1680 titutIs
785 1609 899 1680 dictus
929 1609 975 1678 sit
1003 1635 1020 1671 «
1038 1607 1163 1679 beatus
1192 1636 1208 1672 n
1235 1606 1290 1678 vel

71 1748 95 1789 α
120 1725 346 1797 beatissimus
371 1754 388 1791 »
404 1725 464 1797 vel
484 1754 501 1790 κ
525 1733 667 1796 sanctae
686 1725 872 1796 memoriae
887 1724 1069 1816 episcopus
1094 1752 1125 1791 o.

123 1842 378 1921 Quatemiones
392 1842 429 1912 ln
441 1842 568 1932 angulo
587 1841 708 1913 dextro
724 1841 785 1911 imi
796 1840 963 1930 marginis
978 1839 1173 1930 signantur.
1186 1839 1291 1933 ‚Notis

70 1955 265 2028 tironianis
292 1978 397 2050 saepe
425 1958 602 2048 margines
625 1958 736 2027 ornati
763 1964 857 2026 sunt.
886 1959 951 2025 Pro
979 1954 1127 2046 syllabis
1145 1977 1194 2040 er,
1218 1977 1291 2042 um,

70 2073 154 2162 jam
174 2073 379 2166 compendia
396 2072 434 2143 in
452 2094 519 2143 usu
538 2081 631 2158 sunt,
653 2073 760 2143 etiam
776 2070 814 2144 in
833 2070 958 2141 mediis
975 2069 1147 2140 versibus.

125 2192 175 2260 De
195 2210 235 2260 eo
252 2190 324 2279 egit
340 2191 433 2281 Aug.
454 2187 711 2272 Reifferscheid,
727 2186 815 2258 Bitl.
827 2198 920 2279 patr.
936 2184 1060 2254 Italica
1074 2187 1116 2269 ll,
1129 2207 1164 2278 p.
1177 2184 1289 2256 itt-to.

495 2528 672 2598 TABVLA
695 2529 887 2596 LXXXVII

129 2775 161 2843 l·
183 2777 374 2846 Vononen.
390 2774 626 2848 Bibliothecae
639 2776 790 2868 Capituli
808 2776 918 2847 codex
932 2777 1022 2861 LIX,
1041 2775 1096 2859 57,
1117 2775 1174 2846 fol.
1197 2775 1261 2846 157
1283 2793 1291 2843 :

90 2890 209 2961 Leonis
235 2912 347 2983 papae
370 2892 520 2984 epistula
552 2892 595 2963 ad
624 2893 830 2964 Flavianum
862 2891 1161 2983 archiepiscopum
1191 2893 1295 2960 (lons-

91 3006 423 3100 tantInopolitanum,
439 3007 549 3100 Epist.
570 3009 729 3097 XXVIII,
749 3007 860 3099 canl
883 3007 1024 3098 [iligna
1049 3010 1132 3092 LIV,
1150 3007 1241 3096 tort

271 3231 348 3303 quia
362 3232 511 3290 nativitas
529 3237 578 3289 est
589 3231 752 3302 mirabilis,
768 3229 838 3288 ideo
852 3245 924 3288 nos·

271 3334 336 3387 trae
350 3335 399 3386 est
413 3335 543 3388 naturae
558 3328 742 3401 dissimilisq
758 3329 813 3401 qui
828 3329 914 3386 enim

270 3441 364 3484 verus
378 3428 459 3484 Deos
474 3426 559 3484 idem
573 3441 666 3485 verus
681 3430 730 3483 cst
743 3426 847 3498 homo,
864 3432 896 3483 et

231 3544 233 3548 ·
270 3526 397 3582 nullum
409 3531 459 3583 est
471 3527 505 3583 in
519 3525 602 3584 banc
615 3525 770 3583 unitatem
784 3539 872 3582 men-

270 3621 395 3681 dacium
409 3622 487 3682 dum
500 3624 672 3682 ininvioem
686 3628 762 3681 sunt
775 3627 807 3680 et

270 3719 436 3778 humilitas
450 3721 590 3779 bominis
609 3726 642 3779 et
654 3720 788 3779 altitudo
803 3718 867 3777 dei-

271 3820 354 3878 tatis.
370 3819 557 3878 sicutenim
570 3820 652 3877 Deos
666 3834 731 3877 non
744 3824 887 3877 mutatur

269 3918 480 3990 miseratione,
495 3918 539 3975 ita
551 3917 646 3976 homo
665 3932 729 3975 non
748 3930 861 3975 consu-

269 4017 368 4072 mitur
381 4015 555 4089 dignitate;
570 4020 642 4089 aget
653 4016 739 4073 enim
748 4020 833 4074 utra·

271 4129 332 4186 que
343 4114 440 4173 iorma
454 4129 528 4173 cum
541 4115 671 4173 alterius
690 4115 885 4173 communio-

271 4227 311 4269 ne
326 4212 410 4284 quod
424 4213 585 4285 proprium
599 4218 657 4278 est,
670 4211 766 4270 verbo
781 4212 864 4270 scili·

271 4315 320 4367 cet
334 4315 481 4382 operante
495 4309 581 4383 quod
593 4309 681 4367 verbi
695 4315 744 4368 est
757 4315 788 4367 ot
802 4323 867 4368 car-

270 4421 311 4465 ne
324 4412 516 4480 exsequente
529 4407 615 4480 quod
626 4408 728 4465 carnis
743 4412 805 4479 est,

271 4521 373 4563 unum
386 4506 501 4563 horum
515 4510 658 4564 coruscat
677 4505 848 4570 miraculis.
900 4578 903 4582 ¹

270 4604 359 4662 Aliut
373 4603 557 4662 subcumbit
568 4603 704 4676 injuriis,
720 4608 752 4660 et
767 4604 850 4660 sicut

270 4702 403 4759 verbum
416 4701 513 4760 habet
526 4701 749 4775 aequalitatem
762 4705 866 4774 pater-
