<?xml version="1.0" encoding="UTF-8"?>
<!DOCTYPE html PUBLIC "-//W3C//DTD XHTML 1.0 Transitional//EN"
    "http://www.w3.org/TR/xhtml1/DTD/xhtml1-transitional.dtd">
<html xmlns="http://www.w3.org/1999/xhtml" xml:lang="en" lang="en">
 <head>
  <title>
</title>
<meta http-equiv="Content-Type" content="text/html;charset=utf-8" />
  <meta name='ocr-system' content='tesseract 3.04.00' />
  <meta name='ocr-capabilities' content='ocr_page ocr_carea ocr_par ocr_line ocrx_word'/>
</head>
<body>
  <div class='ocr_page' id='page_1' title='image "./vncialisscriptv00chatgoog_0118.png"; bbox 0 0 3082 5386; ppageno 0'>
   <div class='ocr_carea' id='block_1_1' title="bbox 634 111 936 162">
    <p class='ocr_par' dir='ltr' id='par_1_1' title="bbox 634 111 936 162">
     <span class='ocr_line' id='line_1_1' title="bbox 634 111 936 162; baseline 0.013 -4"><span class='ocrx_word' id='word_1_1' title='bbox 634 111 759 161; x_wconf 74' lang='lat' dir='ltr'>OCTAVO</span> <span class='ocrx_word' id='word_1_2' title='bbox 779 114 936 162; x_wconf 71' lang='lat' dir='ltr'>saecuto,</span> 
     </span>
    </p>
   </div>
   <div class='ocr_carea' id='block_1_2' title="bbox 634 492 935 561">
    <p class='ocr_par' dir='ltr' id='par_1_2' title="bbox 634 492 935 561">
     <span class='ocr_line' id='line_1_2' title="bbox 634 492 935 561; baseline 0.007 -2"><span class='ocrx_word' id='word_1_3' title='bbox 634 492 806 561; x_wconf 82' lang='lat' dir='ltr'>TABVLA</span> <span class='ocrx_word' id='word_1_4' title='bbox 833 494 935 561; x_wconf 84' lang='lat' dir='ltr'>LVIII</span> 
     </span>
    </p>
   </div>
   <div class='ocr_carea' id='block_1_3' title="bbox 156 736 1385 949">
    <p class='ocr_par' dir='ltr' id='par_1_3' title="bbox 156 736 1385 949">
     <span class='ocr_line' id='line_1_3' title="bbox 170 736 1385 838; baseline 0.022 -42"><span class='ocrx_word' id='word_1_5' title='bbox 170 791 175 796; x_wconf 87' lang='lat'>.</span> <span class='ocrx_word' id='word_1_6' title='bbox 215 737 391 808; x_wconf 72' lang='lat' dir='ltr'>Pnnrsus.</span> <span class='ocrx_word' id='word_1_7' title='bbox 415 736 650 810; x_wconf 80' lang='lat' dir='ltr'>Bibliothecae</span> <span class='ocrx_word' id='word_1_8' title='bbox 681 739 813 831; x_wconf 83' lang='lat' dir='ltr'>patriae</span> <span class='ocrx_word' id='word_1_9' title='bbox 840 742 949 813; x_wconf 81' lang='lat' dir='ltr'>codex</span> <span class='ocrx_word' id='word_1_10' title='bbox 977 749 1065 816; x_wconf 92' lang='lat' dir='ltr'>Nov.</span> <span class='ocrx_word' id='word_1_11' title='bbox 1096 768 1173 838; x_wconf 87' lang='lat' dir='ltr'>aeq.</span> <span class='ocrx_word' id='word_1_12' title='bbox 1204 749 1264 819; x_wconf 92' lang='lat' dir='ltr'>lat.</span> <span class='ocrx_word' id='word_1_13' title='bbox 1286 751 1385 838; x_wconf 77' lang='lat'><strong>1586,</strong></span> 
     </span>
     <span class='ocr_line' id='line_1_4' title="bbox 156 847 1227 949; baseline 0.016 -32"><span class='ocrx_word' id='word_1_14' title='bbox 156 847 231 919; x_wconf 83' lang='lat' dir='ltr'>fol.</span> <span class='ocrx_word' id='word_1_15' title='bbox 256 851 323 922; x_wconf 81' lang='lat'>160</span> <span class='ocrx_word' id='word_1_16' title='bbox 340 860 377 921; x_wconf 87' lang='lat' dir='ltr'>v⁰</span> <span class='ocrx_word' id='word_1_17' title='bbox 398 870 407 921; x_wconf 80' lang='lat' dir='ltr'>t</span> <span class='ocrx_word' id='word_1_18' title='bbox 428 853 612 945; x_wconf 71' lang='lat' dir='ltr'>Prophetae</span> <span class='ocrx_word' id='word_1_19' title='bbox 629 854 826 940; x_wconf 77' lang='lat' dir='ltr'>Ezechielis,</span> <span class='ocrx_word' id='word_1_20' title='bbox 846 860 955 941; x_wconf 89' lang='lat' dir='ltr'>XVII,</span> <span class='ocrx_word' id='word_1_21' title='bbox 977 860 1034 930; x_wconf 86' lang='grc'>19-</span> <span class='ocrx_word' id='word_1_22' title='bbox 1053 865 1177 949; x_wconf 88' lang='lat' dir='ltr'>XVIII,</span> <span class='ocrx_word' id='word_1_23' title='bbox 1197 864 1227 934; x_wconf 88' lang='lat'>3.</span> 
     </span>
    </p>
   </div>
   <div class='ocr_carea' id='block_1_4' title="bbox 156 1043 665 4165">
    <p class='ocr_par' dir='ltr' id='par_1_4' title="bbox 156 1043 579 1228">
     <span class='ocr_line' id='line_1_5' title="bbox 156 1043 579 1123; baseline 0.012 -20"><span class='ocrx_word' id='word_1_24' title='bbox 156 1043 217 1112; x_wconf 86' lang='lat' dir='ltr'>Et</span> <span class='ocrx_word' id='word_1_25' title='bbox 228 1046 343 1107; x_wconf 86' lang='lat' dir='ltr'>foedus</span> <span class='ocrx_word' id='word_1_26' title='bbox 357 1049 440 1123; x_wconf 85' lang='lat' dir='ltr'>quod</span> <span class='ocrx_word' id='word_1_27' title='bbox 452 1065 579 1122; x_wconf 83' lang='lat' dir='ltr'>praeva-</span> 
     </span>
     <span class='ocr_line' id='line_1_6' title="bbox 203 1141 564 1228; baseline -0.019 -11"><span class='ocrx_word' id='word_1_28' title='bbox 203 1160 326 1228; x_wconf 84' lang='lat' dir='ltr'>ricatus</span> <span class='ocrx_word' id='word_1_29' title='bbox 339 1141 389 1212; x_wconf 77' lang='lat' dir='ltr'>e&#39;st</span> <span class='ocrx_word' id='word_1_30' title='bbox 403 1167 517 1226; x_wconf 90' lang='lat' dir='ltr'>ponam</span> <span class='ocrx_word' id='word_1_31' title='bbox 530 1154 564 1210; x_wconf 93' lang='lat' dir='ltr'>in</span> 
     </span>
    </p>

    <p class='ocr_par' dir='ltr' id='par_1_5' title="bbox 170 1236 402 1337">
     <span class='ocr_line' id='line_1_7' title="bbox 170 1236 402 1337; baseline -0.026 -22"><span class='ocrx_word' id='word_1_32' title='bbox 170 1243 174 1249; x_wconf 72' lang='grc'><strong>’</strong></span> <span class='ocrx_word' id='word_1_33' title='bbox 205 1236 309 1337; x_wconf 79' lang='lat' dir='ltr'>caput¹</span> <span class='ocrx_word' id='word_1_34' title='bbox 318 1243 402 1327; x_wconf 69' lang='lat' dir='ltr'>ej‘us.</span> 
     </span>
    </p>

    <p class='ocr_par' dir='ltr' id='par_1_6' title="bbox 160 1336 601 1510">
     <span class='ocr_line' id='line_1_8' title="bbox 160 1336 601 1426; baseline -0.023 -12"><span class='ocrx_word' id='word_1_35' title='bbox 160 1345 218 1414; x_wconf 82' lang='lat' dir='ltr'>Et</span> <span class='ocrx_word' id='word_1_36' title='bbox 231 1336 406 1426; x_wconf 66' lang='lat' dir='ltr'>erpaudam</span> <span class='ocrx_word' id='word_1_37' title='bbox 421 1363 516 1420; x_wconf 89' lang='lat' dir='ltr'>snper</span> <span class='ocrx_word' id='word_1_38' title='bbox 529 1364 601 1407; x_wconf 90' lang='lat' dir='ltr'>eum</span> 
     </span>
     <span class='ocr_line' id='line_1_9' title="bbox 204 1459 404 1510; baseline -0.02 0"><span class='ocrx_word' id='word_1_39' title='bbox 204 1459 271 1510; x_wconf 88' lang='lat' dir='ltr'>rete</span> <span class='ocrx_word' id='word_1_40' title='bbox 285 1465 404 1508; x_wconf 93' lang='lat' dir='ltr'>meum.</span> 
     </span>
    </p>

    <p class='ocr_par' dir='ltr' id='par_1_7' title="bbox 167 1542 528 1724">
     <span class='ocr_line' id='line_1_10' title="bbox 167 1542 528 1622; baseline -0.019 -12"><span class='ocrx_word' id='word_1_41' title='bbox 167 1542 218 1611; x_wconf 82' lang='lat' dir='ltr'>Et</span> <span class='ocrx_word' id='word_1_42' title='bbox 232 1547 528 1622; x_wconf 80' lang='lat' dir='ltr'>conpraehenditur¹</span> 
     </span>
     <span class='ocr_line' id='line_1_11' title="bbox 206 1661 427 1724; baseline -0.018 -17"><span class='ocrx_word' id='word_1_43' title='bbox 206 1662 331 1724; x_wconf 83' lang='lat' dir='ltr'>sagyua</span> <span class='ocrx_word' id='word_1_44' title='bbox 345 1661 427 1704; x_wconf 89' lang='lat' dir='ltr'>mea.</span> 
     </span>
    </p>

    <p class='ocr_par' dir='ltr' id='par_1_8' title="bbox 176 1737 649 2209">
     <span class='ocr_line' id='line_1_12' title="bbox 176 1737 649 1813; baseline -0.011 -10"><span class='ocrx_word' id='word_1_45' title='bbox 176 1737 218 1804; x_wconf 90' lang='lat' dir='ltr'>Et</span> <span class='ocrx_word' id='word_1_46' title='bbox 231 1744 387 1802; x_wconf 84' lang='lat' dir='ltr'>adducam</span> <span class='ocrx_word' id='word_1_47' title='bbox 398 1758 473 1801; x_wconf 90' lang='lat' dir='ltr'>eum</span> <span class='ocrx_word' id='word_1_48' title='bbox 487 1745 521 1800; x_wconf 93' lang='lat' dir='ltr'>in</span> <span class='ocrx_word' id='word_1_49' title='bbox 534 1743 649 1813; x_wconf 88' lang='lat' dir='ltr'>Babyl-</span> 
     </span>
     <span class='ocr_line' id='line_1_13' title="bbox 203 1829 635 1915; baseline -0.007 -15"><span class='ocrx_word' id='word_1_50' title='bbox 203 1845 308 1901; x_wconf 88' lang='lat' dir='ltr'>lonem</span> <span class='ocrx_word' id='word_1_51' title='bbox 320 1829 352 1898; x_wconf 84' lang='lat' dir='ltr'>et</span> <span class='ocrx_word' id='word_1_52' title='bbox 363 1840 513 1915; x_wconf 83' lang='lat' dir='ltr'>judicabo</span> <span class='ocrx_word' id='word_1_53' title='bbox 524 1843 635 1899; x_wconf 81' lang='lat' dir='ltr'>illum²</span> 
     </span>
     <span class='ocr_line' id='line_1_14' title="bbox 198 1941 253 1998; baseline 0 -1"><span class='ocrx_word' id='word_1_54' title='bbox 198 1941 253 1998; x_wconf 59' lang='lat' dir='ltr'>‘ibi</span> 
     </span>
     <span class='ocr_line' id='line_1_15' title="bbox 188 2027 504 2111; baseline -0.003 -16"><span class='ocrx_word' id='word_1_55' title='bbox 188 2027 226 2095; x_wconf 95' lang='lat' dir='ltr'>In</span> <span class='ocrx_word' id='word_1_56' title='bbox 239 2037 504 2111; x_wconf 83' lang='lat' dir='ltr'>praevaricatione</span> 
     </span>
     <span class='ocr_line' id='line_1_16' title="bbox 203 2136 495 2209; baseline -0.003 -15"><span class='ocrx_word' id='word_1_57' title='bbox 203 2151 268 2209; x_wconf 86' lang='lat' dir='ltr'>qua</span> <span class='ocrx_word' id='word_1_58' title='bbox 280 2136 419 2209; x_wconf 84' lang='lat' dir='ltr'>dispexit</span> <span class='ocrx_word' id='word_1_59' title='bbox 434 2150 495 2193; x_wconf 90' lang='lat' dir='ltr'>me.</span> 
     </span>
    </p>

    <p class='ocr_par' dir='ltr' id='par_1_9' title="bbox 177 2223 596 2504">
     <span class='ocr_line' id='line_1_17' title="bbox 177 2223 596 2306; baseline -0.005 -14"><span class='ocrx_word' id='word_1_60' title='bbox 177 2223 218 2292; x_wconf 86' lang='lat' dir='ltr'>Et</span> <span class='ocrx_word' id='word_1_61' title='bbox 231 2249 341 2291; x_wconf 90' lang='lat' dir='ltr'>omnes</span> <span class='ocrx_word' id='word_1_62' title='bbox 356 2233 480 2306; x_wconf 80' lang='lat' dir='ltr'>profugi</span> <span class='ocrx_word' id='word_1_63' title='bbox 495 2232 566 2306; x_wconf 88' lang='lat' dir='ltr'>ejus</span> <span class='ocrx_word' id='word_1_64' title='bbox 595 2239 596 2242; x_wconf 76' lang='grc'>’</span> 
     </span>
     <span class='ocr_line' id='line_1_18' title="bbox 209 2329 556 2402; baseline -0.017 -12"><span class='ocrx_word' id='word_1_65' title='bbox 209 2347 282 2390; x_wconf 93' lang='lat' dir='ltr'>cum</span> <span class='ocrx_word' id='word_1_66' title='bbox 297 2330 445 2389; x_wconf 92' lang='lat' dir='ltr'>universo</span> <span class='ocrx_word' id='word_1_67' title='bbox 458 2329 556 2402; x_wconf 80' lang='lat' dir='ltr'>agmi-</span> 
     </span>
     <span class='ocr_line' id='line_1_19' title="bbox 206 2426 519 2504; baseline -0.026 -13"><span class='ocrx_word' id='word_1_68' title='bbox 206 2448 247 2491; x_wconf 89' lang='lat' dir='ltr'>ne</span> <span class='ocrx_word' id='word_1_69' title='bbox 260 2429 367 2504; x_wconf 84' lang='lat' dir='ltr'>gladio</span> <span class='ocrx_word' id='word_1_70' title='bbox 385 2426 519 2498; x_wconf 88' lang='lat' dir='ltr'>cadent;</span> 
     </span>
    </p>

    <p class='ocr_par' dir='ltr' id='par_1_10' title="bbox 178 2525 619 2795">
     <span class='ocr_line' id='line_1_20' title="bbox 178 2525 619 2592; baseline -0.02 -1"><span class='ocrx_word' id='word_1_71' title='bbox 178 2525 311 2592; x_wconf 85' lang='lat' dir='ltr'>Residui</span> <span class='ocrx_word' id='word_1_72' title='bbox 326 2534 432 2587; x_wconf 88' lang='lat' dir='ltr'>autem</span> <span class='ocrx_word' id='word_1_73' title='bbox 445 2529 480 2584; x_wconf 92' lang='lat' dir='ltr'>in</span> <span class='ocrx_word' id='word_1_74' title='bbox 494 2542 619 2585; x_wconf 90' lang='lat' dir='ltr'>omnem</span> 
     </span>
     <span class='ocr_line' id='line_1_21' title="bbox 206 2627 534 2699; baseline -0.012 -12"><span class='ocrx_word' id='word_1_75' title='bbox 206 2634 339 2688; x_wconf 88' lang='lat' dir='ltr'>ventum</span> <span class='ocrx_word' id='word_1_76' title='bbox 353 2627 534 2699; x_wconf 84' lang='lat' dir='ltr'>dispergen-</span> 
     </span>
     <span class='ocr_line' id='line_1_22' title="bbox 207 2733 421 2795; baseline 0 -10"><span class='ocrx_word' id='word_1_77' title='bbox 207 2733 272 2786; x_wconf 78' lang='lat' dir='ltr'>tur.</span> <span class='ocrx_word' id='word_1_78' title='bbox 414 2785 421 2795; x_wconf 73' lang='grc'><strong>,</strong></span> 
     </span>
    </p>

    <p class='ocr_par' dir='ltr' id='par_1_11' title="bbox 178 2814 665 2981">
     <span class='ocr_line' id='line_1_23' title="bbox 178 2814 665 2898; baseline -0.004 -15"><span class='ocrx_word' id='word_1_79' title='bbox 178 2814 220 2883; x_wconf 87' lang='lat' dir='ltr'>Et</span> <span class='ocrx_word' id='word_1_80' title='bbox 233 2825 341 2883; x_wconf 89' lang='lat' dir='ltr'>scietis</span> <span class='ocrx_word' id='word_1_81' title='bbox 355 2826 430 2898; x_wconf 87' lang='lat' dir='ltr'>quia</span> <span class='ocrx_word' id='word_1_82' title='bbox 443 2839 501 2898; x_wconf 81' lang='lat' dir='ltr'>ego</span> <span class='ocrx_word' id='word_1_83' title='bbox 514 2822 665 2881; x_wconf 78' lang='lat' dir='ltr'>Dominus</span> 
     </span>
     <span class='ocr_line' id='line_1_24' title="bbox 207 2923 429 2981; baseline 0.009 -3"><span class='ocrx_word' id='word_1_84' title='bbox 207 2923 335 2981; x_wconf 90' lang='lat' dir='ltr'>locutus</span> <span class='ocrx_word' id='word_1_85' title='bbox 348 2937 429 2981; x_wconf 90' lang='lat' dir='ltr'>sum.</span> 
     </span>
    </p>

    <p class='ocr_par' dir='ltr' id='par_1_12' title="bbox 180 3011 638 3085">
     <span class='ocr_line' id='line_1_25' title="bbox 180 3011 638 3085; baseline -0.002 -7"><span class='ocrx_word' id='word_1_86' title='bbox 180 3011 265 3085; x_wconf 88' lang='lat' dir='ltr'>Haec</span> <span class='ocrx_word' id='word_1_87' title='bbox 279 3023 356 3080; x_wconf 91' lang='lat' dir='ltr'>dicit</span> <span class='ocrx_word' id='word_1_88' title='bbox 369 3021 518 3079; x_wconf 82' lang='lat' dir='ltr'>Dominus</span> <span class='ocrx_word' id='word_1_89' title='bbox 532 3023 613 3078; x_wconf 83' lang='lat' dir='ltr'>Deus</span> <span class='ocrx_word' id='word_1_90' title='bbox 631 3037 638 3077; x_wconf 76' lang='grc' dir='ltr'>ι</span> 
     </span>
    </p>

    <p class='ocr_par' dir='ltr' id='par_1_13' title="bbox 182 3116 618 3279">
     <span class='ocr_line' id='line_1_26' title="bbox 182 3116 618 3192; baseline -0.014 -10"><span class='ocrx_word' id='word_1_91' title='bbox 182 3116 220 3182; x_wconf 87' lang='lat' dir='ltr'>Et</span> <span class='ocrx_word' id='word_1_92' title='bbox 232 3137 357 3181; x_wconf 91' lang='lat' dir='ltr'>sumam</span> <span class='ocrx_word' id='word_1_93' title='bbox 371 3135 429 3192; x_wconf 84' lang='lat' dir='ltr'>ego</span> <span class='ocrx_word' id='word_1_94' title='bbox 444 3119 482 3176; x_wconf 91' lang='lat' dir='ltr'>de</span> <span class='ocrx_word' id='word_1_95' title='bbox 497 3118 618 3177; x_wconf 90' lang='lat' dir='ltr'>medul-</span> 
     </span>
     <span class='ocr_line' id='line_1_27' title="bbox 207 3217 500 3279; baseline -0.017 0"><span class='ocrx_word' id='word_1_96' title='bbox 207 3223 238 3279; x_wconf 91' lang='lat' dir='ltr'>la</span> <span class='ocrx_word' id='word_1_97' title='bbox 251 3219 335 3278; x_wconf 86' lang='lat' dir='ltr'>cedri</span> <span class='ocrx_word' id='word_1_98' title='bbox 353 3217 500 3276; x_wconf 92' lang='lat' dir='ltr'>sublimis</span> 
     </span>
    </p>

    <p class='ocr_par' dir='ltr' id='par_1_14' title="bbox 179 3311 603 3488">
     <span class='ocr_line' id='line_1_28' title="bbox 179 3311 603 3392; baseline -0.014 -14"><span class='ocrx_word' id='word_1_99' title='bbox 179 3311 221 3378; x_wconf 85' lang='lat' dir='ltr'>Et</span> <span class='ocrx_word' id='word_1_100' title='bbox 233 3311 363 3392; x_wconf 55' lang='lat' dir='ltr'>ponam,¹</span> <span class='ocrx_word' id='word_1_101' title='bbox 374 3316 412 3374; x_wconf 89' lang='lat' dir='ltr'>de</span> <span class='ocrx_word' id='word_1_102' title='bbox 426 3315 542 3372; x_wconf 90' lang='lat' dir='ltr'>vertice</span> <span class='ocrx_word' id='word_1_103' title='bbox 556 3329 603 3372; x_wconf 91' lang='lat' dir='ltr'>ra·</span> 
     </span>
     <span class='ocr_line' id='line_1_29' title="bbox 208 3414 417 3488; baseline -0.024 -12"><span class='ocrx_word' id='word_1_104' title='bbox 208 3430 333 3476; x_wconf 91' lang='lat' dir='ltr'>morum</span> <span class='ocrx_word' id='word_1_105' title='bbox 347 3414 417 3488; x_wconf 88' lang='lat' dir='ltr'>ejus</span> 
     </span>
    </p>

    <p class='ocr_par' dir='ltr' id='par_1_15' title="bbox 181 3505 552 4165">
     <span class='ocr_line' id='line_1_30' title="bbox 181 3505 552 3584; baseline -0.016 -11"><span class='ocrx_word' id='word_1_106' title='bbox 181 3505 337 3573; x_wconf 84' lang='lat' dir='ltr'>Teucrum</span> <span class='ocrx_word' id='word_1_107' title='bbox 350 3511 552 3584; x_wconf 87' lang='lat' dir='ltr'>destringam‚</span> 
     </span>
     <span class='ocr_line' id='line_1_31' title="bbox 209 3609 511 3684; baseline -0.013 -15"><span class='ocrx_word' id='word_1_108' title='bbox 209 3618 241 3669; x_wconf 92' lang='lat' dir='ltr'>et</span> <span class='ocrx_word' id='word_1_109' title='bbox 254 3609 404 3684; x_wconf 84' lang='lat' dir='ltr'>plantabo</span> <span class='ocrx_word' id='word_1_110' title='bbox 416 3623 511 3680; x_wconf 89' lang='lat' dir='ltr'>super</span> 
     </span>
     <span class='ocr_line' id='line_1_32' title="bbox 209 3708 522 3766; baseline -0.013 0"><span class='ocrx_word' id='word_1_111' title='bbox 209 3713 349 3766; x_wconf 87' lang='lat' dir='ltr'>montem</span> <span class='ocrx_word' id='word_1_112' title='bbox 362 3708 522 3764; x_wconf 81' lang='lat' dir='ltr'>excelsum</span> 
     </span>
     <span class='ocr_line' id='line_1_33' title="bbox 210 3806 446 3863; baseline -0.017 0"><span class='ocrx_word' id='word_1_113' title='bbox 210 3811 243 3863; x_wconf 91' lang='lat' dir='ltr'>et</span> <span class='ocrx_word' id='word_1_114' title='bbox 255 3806 446 3863; x_wconf 87' lang='lat' dir='ltr'>eminentem</span> 
     </span>
     <span class='ocr_line' id='line_1_34' title="bbox 194 3893 498 3962; baseline -0.013 0"><span class='ocrx_word' id='word_1_115' title='bbox 194 3893 232 3962; x_wconf 93' lang='lat' dir='ltr'>ln</span> <span class='ocrx_word' id='word_1_116' title='bbox 245 3907 353 3962; x_wconf 85' lang='lat' dir='ltr'>monte</span> <span class='ocrx_word' id='word_1_117' title='bbox 367 3901 498 3959; x_wconf 84' lang='lat' dir='ltr'>sublimi</span> 
     </span>
     <span class='ocr_line' id='line_1_35' title="bbox 211 3999 518 4072; baseline -0.003 -14"><span class='ocrx_word' id='word_1_118' title='bbox 211 4001 305 4059; x_wconf 83' lang='lat' dir='ltr'>Israel</span> <span class='ocrx_word' id='word_1_119' title='bbox 319 3999 468 4072; x_wconf 85' lang='lat' dir='ltr'>plantabo</span> <span class='ocrx_word' id='word_1_120' title='bbox 482 4000 518 4058; x_wconf 90' lang='lat' dir='ltr'>il·</span> 
     </span>
     <span class='ocr_line' id='line_1_36' title="bbox 210 4096 275 4165; baseline 0 -11"><span class='ocrx_word' id='word_1_121' title='bbox 210 4096 275 4165; x_wconf 91' lang='lat' dir='ltr'>lud,</span> 
     </span>
    </p>
   </div>
   <div class='ocr_carea' id='block_1_5' title="bbox 208 4292 597 4441">
    <p class='ocr_par' dir='ltr' id='par_1_16' title="bbox 208 4292 597 4441">
     <span class='ocr_line' id='line_1_37' title="bbox 208 4292 597 4374; baseline 0.005 -14"><span class='ocrx_word' id='word_1_122' title='bbox 208 4292 235 4360; x_wconf 77' lang='lat'>&#39;1.</span> <span class='ocrx_word' id='word_1_123' title='bbox 251 4309 324 4365; x_wconf 78' lang='lat' dir='ltr'>corr.</span> <span class='ocrx_word' id='word_1_124' title='bbox 339 4309 597 4374; x_wconf 77' lang='lat' dir='ltr'>comprcebcmdetur.</span> 
     </span>
     <span class='ocr_line' id='line_1_38' title="bbox 211 4387 412 4441; baseline 0.005 -2"><span class='ocrx_word' id='word_1_125' title='bbox 211 4387 236 4441; x_wconf 78' lang='lat'>2.</span> <span class='ocrx_word' id='word_1_126' title='bbox 251 4387 327 4441; x_wconf 72' lang='lat' dir='ltr'>(lore.</span> <span class='ocrx_word' id='word_1_127' title='bbox 341 4402 412 4441; x_wconf 70' lang='lat' dir='ltr'>emm.</span> 
     </span>
    </p>
   </div>
   <div class='ocr_carea' id='block_1_6' title="bbox 812 1051 1202 1410">
    <p class='ocr_par' dir='ltr' id='par_1_17' title="bbox 812 1051 1202 1410">
     <span class='ocr_line' id='line_1_39' title="bbox 812 1051 1202 1130; baseline 0.018 -20"><span class='ocrx_word' id='word_1_128' title='bbox 812 1051 855 1120; x_wconf 89' lang='lat' dir='ltr'>Et</span> <span class='ocrx_word' id='word_1_129' title='bbox 868 1062 1012 1128; x_wconf 90' lang='lat' dir='ltr'>erumpet</span> <span class='ocrx_word' id='word_1_130' title='bbox 1025 1058 1059 1114; x_wconf 93' lang='lat' dir='ltr'>in</span> <span class='ocrx_word' id='word_1_131' title='bbox 1073 1073 1202 1130; x_wconf 84' lang='lat' dir='ltr'>germen</span> 
     </span>
     <span class='ocr_line' id='line_1_40' title="bbox 842 1155 1175 1227; baseline 0 -14"><span class='ocrx_word' id='word_1_132' title='bbox 842 1163 875 1214; x_wconf 91' lang='lat' dir='ltr'>et</span> <span class='ocrx_word' id='word_1_133' title='bbox 887 1156 980 1215; x_wconf 81' lang='lat' dir='ltr'>faciet</span> <span class='ocrx_word' id='word_1_134' title='bbox 991 1155 1128 1227; x_wconf 83' lang='lat' dir='ltr'>fructum</span> <span class='ocrx_word' id='word_1_135' title='bbox 1142 1162 1175 1213; x_wconf 91' lang='lat' dir='ltr'>et</span> 
     </span>
     <span class='ocr_line' id='line_1_41' title="bbox 843 1251 1191 1327; baseline -0.003 -15"><span class='ocrx_word' id='word_1_136' title='bbox 843 1256 902 1312; x_wconf 90' lang='lat' dir='ltr'>erit</span> <span class='ocrx_word' id='word_1_137' title='bbox 914 1254 948 1310; x_wconf 91' lang='lat' dir='ltr'>in</span> <span class='ocrx_word' id='word_1_138' title='bbox 963 1251 1091 1311; x_wconf 89' lang='lat' dir='ltr'>cedrum</span> <span class='ocrx_word' id='word_1_139' title='bbox 1104 1269 1191 1327; x_wconf 80' lang='lat' dir='ltr'>mag·</span> 
     </span>
     <span class='ocr_line' id='line_1_42' title="bbox 843 1367 931 1410; baseline -0.023 -2"><span class='ocrx_word' id='word_1_140' title='bbox 843 1367 931 1410; x_wconf 88' lang='lat' dir='ltr'>nam.</span> 
     </span>
    </p>
   </div>
   <div class='ocr_carea' id='block_1_7' title="bbox 772 1441 1263 1510">
    <p class='ocr_par' dir='ltr' id='par_1_18' title="bbox 772 1441 1263 1510">
     <span class='ocr_line' id='line_1_43' title="bbox 772 1441 1263 1510; baseline 0.006 -2"><span class='ocrx_word' id='word_1_141' title='bbox 772 1472 776 1480; x_wconf 94' lang='lat'><em>·</em></span> <span class='ocrx_word' id='word_1_142' title='bbox 811 1441 855 1509; x_wconf 82' lang='lat' dir='ltr'>Et</span> <span class='ocrx_word' id='word_1_143' title='bbox 868 1449 1058 1508; x_wconf 85' lang='lat' dir='ltr'>habitabunt</span> <span class='ocrx_word' id='word_1_144' title='bbox 1072 1450 1132 1508; x_wconf 90' lang='lat' dir='ltr'>sub</span> <span class='ocrx_word' id='word_1_145' title='bbox 1147 1466 1184 1509; x_wconf 85' lang='lat' dir='ltr'>aa</span> <span class='ocrx_word' id='word_1_146' title='bbox 1198 1467 1263 1510; x_wconf 91' lang='lat' dir='ltr'>om·</span> 
     </span>
    </p>
   </div>
   <div class='ocr_carea' id='block_1_8' title="bbox 813 1548 1219 1819">
    <p class='ocr_par' dir='ltr' id='par_1_19' title="bbox 813 1548 1219 1819">
     <span class='ocr_line' id='line_1_44' title="bbox 840 1548 1065 1606; baseline -0.004 -3"><span class='ocrx_word' id='word_1_147' title='bbox 840 1561 898 1604; x_wconf 89' lang='lat' dir='ltr'>nes</span> <span class='ocrx_word' id='word_1_148' title='bbox 911 1548 1065 1606; x_wconf 88' lang='lat' dir='ltr'>volucres.</span> 
     </span>
     <span class='ocr_line' id='line_1_45' title="bbox 813 1635 1219 1706; baseline -0.002 0"><span class='ocrx_word' id='word_1_149' title='bbox 813 1635 1005 1706; x_wconf 90' lang='lat' dir='ltr'>Universum</span> <span class='ocrx_word' id='word_1_150' title='bbox 1018 1647 1145 1705; x_wconf 89' lang='lat' dir='ltr'>volatile</span> <span class='ocrx_word' id='word_1_151' title='bbox 1159 1647 1219 1705; x_wconf 90' lang='lat' dir='ltr'>sub</span> 
     </span>
     <span class='ocr_line' id='line_1_46' title="bbox 843 1744 1209 1819; baseline 0.003 -18"><span class='ocrx_word' id='word_1_152' title='bbox 843 1744 956 1801; x_wconf 89' lang='lat' dir='ltr'>umbra</span> <span class='ocrx_word' id='word_1_153' title='bbox 969 1744 1125 1802; x_wconf 85' lang='lat' dir='ltr'>frondium</span> <span class='ocrx_word' id='word_1_154' title='bbox 1138 1746 1209 1819; x_wconf 86' lang='lat' dir='ltr'>ejus</span> 
     </span>
    </p>
   </div>
   <div class='ocr_carea' id='block_1_9' title="bbox 768 1840 1016 1909">
    <p class='ocr_par' dir='ltr' id='par_1_20' title="bbox 768 1840 1016 1909">
     <span class='ocr_line' id='line_1_47' title="bbox 768 1840 1016 1909; baseline 0.008 -13"><span class='ocrx_word' id='word_1_155' title='bbox 768 1904 774 1909; x_wconf 54' lang='grc'>,</span> <span class='ocrx_word' id='word_1_156' title='bbox 843 1840 1016 1898; x_wconf 88' lang='lat' dir='ltr'>nidificant.</span> 
     </span>
    </p>
   </div>
   <div class='ocr_carea' id='block_1_10' title="bbox 811 1933 1337 4075">
    <p class='ocr_par' dir='ltr' id='par_1_21' title="bbox 811 1933 1337 4075">
     <span class='ocr_line' id='line_1_48' title="bbox 811 1933 1191 2014; baseline -0.005 -14"><span class='ocrx_word' id='word_1_157' title='bbox 811 1933 855 2000; x_wconf 86' lang='lat' dir='ltr'>Et</span> <span class='ocrx_word' id='word_1_158' title='bbox 869 1940 970 1997; x_wconf 91' lang='lat' dir='ltr'>scient</span> <span class='ocrx_word' id='word_1_159' title='bbox 983 1941 1089 1998; x_wconf 90' lang='lat' dir='ltr'>omnia</span> <span class='ocrx_word' id='word_1_160' title='bbox 1102 1941 1191 2014; x_wconf 80' lang='lat' dir='ltr'>ligna</span> 
     </span>
     <span class='ocr_line' id='line_1_49' title="bbox 842 2039 1307 2112; baseline 0.002 -15"><span class='ocrx_word' id='word_1_161' title='bbox 842 2040 979 2112; x_wconf 80' lang='lat' dir='ltr'>regionis</span> <span class='ocrx_word' id='word_1_162' title='bbox 993 2040 1069 2111; x_wconf 86' lang='lat' dir='ltr'>quia</span> <span class='ocrx_word' id='word_1_163' title='bbox 1082 2053 1140 2112; x_wconf 79' lang='lat' dir='ltr'>ego</span> <span class='ocrx_word' id='word_1_164' title='bbox 1154 2039 1307 2099; x_wconf 77' lang='lat' dir='ltr'>Dominus</span> 
     </span>
     <span class='ocr_line' id='line_1_50' title="bbox 813 2129 1321 2209; baseline 0 -13"><span class='ocrx_word' id='word_1_165' title='bbox 813 2129 989 2196; x_wconf 90' lang='lat' dir='ltr'>Humiliavi</span> <span class='ocrx_word' id='word_1_166' title='bbox 1003 2138 1126 2209; x_wconf 84' lang='lat' dir='ltr'>lignum</span> <span class='ocrx_word' id='word_1_167' title='bbox 1141 2138 1239 2196; x_wconf 91' lang='lat' dir='ltr'>subli·</span> <span class='ocrx_word' id='word_1_168' title='bbox 1320 2185 1321 2189; x_wconf 65' lang='lat'>,</span> 
     </span>
     <span class='ocr_line' id='line_1_51' title="bbox 842 2250 903 2306; baseline -0.016 -14"><span class='ocrx_word' id='word_1_169' title='bbox 842 2250 903 2306; x_wconf 87' lang='lat' dir='ltr'>me,</span> 
     </span>
     <span class='ocr_line' id='line_1_52' title="bbox 811 2325 1285 2406; baseline -0.002 -14"><span class='ocrx_word' id='word_1_170' title='bbox 811 2325 853 2392; x_wconf 88' lang='lat' dir='ltr'>Et</span> <span class='ocrx_word' id='word_1_171' title='bbox 867 2333 1002 2392; x_wconf 85' lang='lat' dir='ltr'>exaltavi</span> <span class='ocrx_word' id='word_1_172' title='bbox 1015 2333 1139 2406; x_wconf 81' lang='lat' dir='ltr'>lignum</span> <span class='ocrx_word' id='word_1_173' title='bbox 1152 2333 1285 2406; x_wconf 83' lang='lat' dir='ltr'>humile,</span> 
     </span>
     <span class='ocr_line' id='line_1_53' title="bbox 811 2422 1249 2505; baseline 0.002 -16"><span class='ocrx_word' id='word_1_174' title='bbox 811 2422 854 2489; x_wconf 86' lang='lat' dir='ltr'>Et</span> <span class='ocrx_word' id='word_1_175' title='bbox 868 2432 983 2489; x_wconf 86' lang='lat' dir='ltr'>siccavi</span> <span class='ocrx_word' id='word_1_176' title='bbox 997 2433 1122 2504; x_wconf 76' lang='lat' dir='ltr'>lignum</span> <span class='ocrx_word' id='word_1_177' title='bbox 1135 2432 1249 2505; x_wconf 92' lang='lat' dir='ltr'>viride,</span> 
     </span>
     <span class='ocr_line' id='line_1_54' title="bbox 811 2519 1221 2602; baseline 0.005 -17"><span class='ocrx_word' id='word_1_178' title='bbox 811 2519 854 2586; x_wconf 86' lang='lat' dir='ltr'>Et</span> <span class='ocrx_word' id='word_1_179' title='bbox 867 2528 1007 2586; x_wconf 84' lang='lat' dir='ltr'>frondere</span> <span class='ocrx_word' id='word_1_180' title='bbox 1022 2529 1081 2586; x_wconf 85' lang='lat' dir='ltr'>teci</span> <span class='ocrx_word' id='word_1_181' title='bbox 1095 2530 1221 2602; x_wconf 85' lang='lat' dir='ltr'>lignum</span> 
     </span>
     <span class='ocr_line' id='line_1_55' title="bbox 840 2626 1271 2693; baseline -0.009 -9"><span class='ocrx_word' id='word_1_182' title='bbox 840 2626 970 2685; x_wconf 91' lang='lat' dir='ltr'>aridum.</span> <span class='ocrx_word' id='word_1_183' title='bbox 1267 2689 1271 2693; x_wconf 7' lang='lat' dir='ltr'>p</span> 
     </span>
     <span class='ocr_line' id='line_1_56' title="bbox 811 2715 1272 2796; baseline 0.007 -14"><span class='ocrx_word' id='word_1_184' title='bbox 811 2715 880 2796; x_wconf 80' lang='lat' dir='ltr'>Ego</span> <span class='ocrx_word' id='word_1_185' title='bbox 893 2724 1042 2782; x_wconf 82' lang='lat' dir='ltr'>Dominus</span> <span class='ocrx_word' id='word_1_186' title='bbox 1057 2724 1183 2784; x_wconf 90' lang='lat' dir='ltr'>locutus</span> <span class='ocrx_word' id='word_1_187' title='bbox 1198 2740 1272 2785; x_wconf 88' lang='lat' dir='ltr'>snm</span> 
     </span>
     <span class='ocr_line' id='line_1_57' title="bbox 843 2821 957 2879; baseline 0.009 -1"><span class='ocrx_word' id='word_1_188' title='bbox 843 2827 875 2879; x_wconf 91' lang='lat' dir='ltr'>et</span> <span class='ocrx_word' id='word_1_189' title='bbox 888 2821 957 2879; x_wconf 85' lang='lat' dir='ltr'>feci.</span> 
     </span>
     <span class='ocr_line' id='line_1_58' title="bbox 812 2911 1146 2981; baseline 0.006 -3"><span class='ocrx_word' id='word_1_190' title='bbox 812 2911 856 2978; x_wconf 86' lang='lat' dir='ltr'>Et</span> <span class='ocrx_word' id='word_1_191' title='bbox 866 2920 968 2978; x_wconf 87' lang='lat' dir='ltr'>tactus</span> <span class='ocrx_word' id='word_1_192' title='bbox 982 2928 1031 2981; x_wconf 89' lang='lat' dir='ltr'>est</span> <span class='ocrx_word' id='word_1_193' title='bbox 1045 2937 1146 2980; x_wconf 88' lang='lat' dir='ltr'>sermo</span> 
     </span>
     <span class='ocr_line' id='line_1_59' title="bbox 842 3019 1227 3078; baseline 0.008 -4"><span class='ocrx_word' id='word_1_194' title='bbox 842 3019 965 3076; x_wconf 79' lang='lat' dir='ltr'>Domtni</span> <span class='ocrx_word' id='word_1_195' title='bbox 980 3019 1020 3077; x_wconf 88' lang='lat' dir='ltr'>ad</span> <span class='ocrx_word' id='word_1_196' title='bbox 1030 3035 1082 3077; x_wconf 88' lang='lat' dir='ltr'>me</span> <span class='ocrx_word' id='word_1_197' title='bbox 1096 3019 1204 3078; x_wconf 90' lang='lat' dir='ltr'>dicens</span> <span class='ocrx_word' id='word_1_198' title='bbox 1220 3037 1227 3077; x_wconf 94' lang='lat'>:</span> 
     </span>
     <span class='ocr_line' id='line_1_60' title="bbox 814 3106 1232 3191; baseline -0.012 -12"><span class='ocrx_word' id='word_1_199' title='bbox 814 3106 902 3188; x_wconf 87' lang='lat' dir='ltr'>Quid</span> <span class='ocrx_word' id='word_1_200' title='bbox 916 3126 964 3179; x_wconf 90' lang='lat' dir='ltr'>est</span> <span class='ocrx_word' id='word_1_201' title='bbox 978 3119 1063 3191; x_wconf 85' lang='lat' dir='ltr'>quod</span> <span class='ocrx_word' id='word_1_202' title='bbox 1080 3120 1163 3178; x_wconf 86' lang='lat' dir='ltr'>inter</span> <span class='ocrx_word' id='word_1_203' title='bbox 1175 3132 1232 3174; x_wconf 92' lang='lat' dir='ltr'>vos</span> 
     </span>
     <span class='ocr_line' id='line_1_61' title="bbox 843 3218 1163 3292; baseline -0.009 -14"><span class='ocrx_word' id='word_1_204' title='bbox 843 3221 1026 3292; x_wconf 82' lang='lat' dir='ltr'>parabata-m</span> <span class='ocrx_word' id='word_1_205' title='bbox 1040 3218 1163 3276; x_wconf 87' lang='lat' dir='ltr'>vertitis</span> 
     </span>
     <span class='ocr_line' id='line_1_62' title="bbox 843 3315 1191 3389; baseline -0.009 -13"><span class='ocrx_word' id='word_1_206' title='bbox 843 3320 876 3376; x_wconf 91' lang='lat' dir='ltr'>in</span> <span class='ocrx_word' id='word_1_207' title='bbox 890 3317 1088 3389; x_wconf 91' lang='lat' dir='ltr'>proverbium</span> <span class='ocrx_word' id='word_1_208' title='bbox 1103 3315 1191 3374; x_wconf 89' lang='lat' dir='ltr'>istud</span> 
     </span>
     <span class='ocr_line' id='line_1_63' title="bbox 844 3413 1194 3474; baseline -0.009 0"><span class='ocrx_word' id='word_1_209' title='bbox 844 3419 878 3474; x_wconf 90' lang='lat' dir='ltr'>in</span> <span class='ocrx_word' id='word_1_210' title='bbox 890 3421 970 3473; x_wconf 91' lang='lat' dir='ltr'>terra</span> <span class='ocrx_word' id='word_1_211' title='bbox 982 3416 1075 3472; x_wconf 84' lang='lat' dir='ltr'>Israel</span> <span class='ocrx_word' id='word_1_212' title='bbox 1090 3413 1194 3472; x_wconf 90' lang='lat' dir='ltr'>dicen·</span> 
     </span>
     <span class='ocr_line' id='line_1_64' title="bbox 845 3522 915 3574; baseline -0.029 0"><span class='ocrx_word' id='word_1_213' title='bbox 845 3522 892 3574; x_wconf 88' lang='lat' dir='ltr'>tes</span> <span class='ocrx_word' id='word_1_214' title='bbox 908 3532 915 3572; x_wconf 90' lang='lat'>:</span> 
     </span>
     <span class='ocr_line' id='line_1_65' title="bbox 812 3605 1138 3672; baseline -0.009 0"><span class='ocrx_word' id='word_1_215' title='bbox 812 3605 922 3672; x_wconf 89' lang='lat' dir='ltr'>Patres</span> <span class='ocrx_word' id='word_1_216' title='bbox 936 3609 1138 3670; x_wconf 89' lang='lat' dir='ltr'>comederunt</span> 
     </span>
     <span class='ocr_line' id='line_1_66' title="bbox 843 3706 1226 3768; baseline -0.013 0"><span class='ocrx_word' id='word_1_217' title='bbox 843 3726 938 3768; x_wconf 91' lang='lat' dir='ltr'>uvam</span> <span class='ocrx_word' id='word_1_218' title='bbox 953 3723 1094 3767; x_wconf 87' lang='lat' dir='ltr'>acervam</span> <span class='ocrx_word' id='word_1_219' title='bbox 1107 3712 1138 3765; x_wconf 89' lang='lat' dir='ltr'>et</span> <span class='ocrx_word' id='word_1_220' title='bbox 1151 3706 1226 3764; x_wconf 90' lang='lat' dir='ltr'>den-</span> 
     </span>
     <span class='ocr_line' id='line_1_67' title="bbox 844 3805 1217 3876; baseline -0.013 -11"><span class='ocrx_word' id='word_1_221' title='bbox 844 3813 891 3865; x_wconf 88' lang='lat' dir='ltr'>tes</span> <span class='ocrx_word' id='word_1_222' title='bbox 905 3806 1042 3864; x_wconf 86' lang='lat' dir='ltr'>filiorum</span> <span class='ocrx_word' id='word_1_223' title='bbox 1057 3805 1217 3876; x_wconf 84' lang='lat' dir='ltr'>obstipue-</span> 
     </span>
     <span class='ocr_line' id='line_1_68' title="bbox 842 3905 937 3963; baseline -0.021 0"><span class='ocrx_word' id='word_1_224' title='bbox 842 3905 937 3963; x_wconf 77' lang='lat' dir='ltr'>runt?</span> 
     </span>
     <span class='ocr_line' id='line_1_69' title="bbox 816 3994 1337 4075; baseline -0.013 -13"><span class='ocrx_word' id='word_1_225' title='bbox 816 3994 895 4063; x_wconf 92' lang='lat' dir='ltr'>Vivo</span> <span class='ocrx_word' id='word_1_226' title='bbox 909 4016 977 4075; x_wconf 87' lang='lat' dir='ltr'>ego,</span> <span class='ocrx_word' id='word_1_227' title='bbox 992 4001 1070 4059; x_wconf 88' lang='lat' dir='ltr'>dicit</span> <span class='ocrx_word' id='word_1_228' title='bbox 1082 3999 1232 4058; x_wconf 76' lang='lat' dir='ltr'>Dominus</span> <span class='ocrx_word' id='word_1_229' title='bbox 1246 4000 1337 4070; x_wconf 81' lang='lat' dir='ltr'>Deus,</span> 
     </span>
    </p>
   </div>
   <div class='ocr_carea' id='block_1_11' title="bbox 734 4098 1146 4158">
    <p class='ocr_par' dir='ltr' id='par_1_22' title="bbox 734 4098 1146 4158">
     <span class='ocr_line' id='line_1_70' title="bbox 734 4098 1146 4158; baseline -0.01 0"><span class='ocrx_word' id='word_1_230' title='bbox 734 4144 736 4150; x_wconf 91' lang='lat'>.</span> <span class='ocrx_word' id='word_1_231' title='bbox 844 4101 872 4158; x_wconf 89' lang='lat' dir='ltr'>si</span> <span class='ocrx_word' id='word_1_232' title='bbox 886 4100 945 4158; x_wconf 91' lang='lat' dir='ltr'>erit</span> <span class='ocrx_word' id='word_1_233' title='bbox 959 4098 1049 4157; x_wconf 91' lang='lat' dir='ltr'>vobis</span> <span class='ocrx_word' id='word_1_234' title='bbox 1063 4100 1146 4156; x_wconf 89' lang='lat' dir='ltr'>ultra</span> 
     </span>
    </p>
   </div>
   <div class='ocr_carea' id='block_1_12' title="bbox 0 0 1555 5386">
    <p class='ocr_par' dir='ltr' id='par_1_23' title="bbox 0 0 1555 5386">
     <span class='ocr_line' id='line_1_71' title="bbox 0 0 1555 5386; baseline 0 0"><span class='ocrx_word' id='word_1_235' title='bbox 0 0 1555 5386; x_wconf 95' lang='lat' dir='ltr'> </span> 
     </span>
    </p>
   </div>
  </div>
 </body>
</html>
