3082 5386
510 440 639 490 omaro
658 438 816 488 rencone.
1234 421 1273 486 tt

54 611 200 683 Wiener
235 609 366 694 hired,
385 612 472 695 LVI,
511 631 546 701 p.
587 609 676 699 171).
723 611 848 679 Postea
884 608 977 678 inter
1012 607 1270 700 manuscriptos

56 725 204 818 collegii
223 725 432 796 PerIsiensis
452 728 530 797 Soc.
550 728 583 794 J.
607 726 657 815 (n⁰
678 724 754 815 169)
771 732 806 794 11
824 724 861 792 in
888 722 1137 795 bibliothecam
1161 727 1274 796 licer-

55 843 284 914 mannianam
302 842 351 932 (11ο
365 841 442 933 178)
453 841 627 927 inscrtus;
642 862 698 910 an.
717 839 894 910 1889111111
906 838 1027 910 multis
1038 839 1117 910 aliis
1129 839 1273 932 Phillip-

52 960 140 1053 picis
170 981 191 1027 a
224 957 442 1029 Berolinensi
475 957 573 1048 regia
611 955 822 1028 bibliotheca
853 963 993 1048 emptus
1024 956 1110 1026 suit.
1154 955 1271 1027 Rudee

54 1093 287 1146 amanuenses
305 1073 366 1165 qui
384 1094 478 1159 eum,
498 1072 637 1144 saeculo
658 1071 893 1144 verisimiliter
903 1081 1036 1153 octavo,
1056 1071 1273 1164 seripserunt

53 1210 320 1282 nonnumquam
338 1188 586 1262 semiunciales
614 1210 694 1259 cum
721 1187 919 1259 uncialibus
947 1187 1076 1260 litteris
1107 1187 1268 1260 miscent.

472 1596 647 1666 TABVLA
670 1598 809 1664 XLVIII

56 1840 223 1909 Puniens.
244 1835 479 1907 Bibliothecae
499 1835 631 1927 patriae
651 1836 727 1905 cod.
747 1836 808 1905 lat.
831 1835 932 1920 9161,
952 1837 1011 1906 111.
1033 1839 1051 1905 7
1074 1863 1082 1906 t
1102 1837 1269 1924 Isidorus,

57 1952 94 2022 de
114 1951 236 2021 ordine
254 1963 500 2035 creaturarum,
522 1973 552 2021 1.
572 1952 591 2021 8
615 1951 756 2042 [higna
778 1954 966 2036 LXXXIII,
989 1951 1052 2022 932
1073 1954 1160 2044 sq.].

85 2151 254 2221 Propterea
266 2161 325 2204 nec
335 2147 494 2218 penetoeri
504 2146 694 2218 desiderant,
706 2161 765 2205 nec
778 2148 871 2205 etiam
882 2149 909 2205 si
919 2149 1273 2220 penetuissentveniam

57 2244 355 2319 recipereiiomnino
377 2250 517 2317 possent.
533 2246 716 2302 Humanum
738 2251 838 2301 outem
862 2259 964 2318 genus
984 2246 1229 2318 redemptionem
1252 2264 1272 2307 a

57 2359 111 2403 suo
135 2342 290 2401 conditore
312 2342 451 2414 accipere
474 2342 635 2414 idcir-lico
660 2344 842 2414 promeruit,
858 2344 933 2416 quia
951 2342 990 2400 de
1008 2343 1152 2402 inferiore
1166 2344 1272 2405 adhuc
1370 2400 1372 2405 ,
1406 2346 1413 2367 “

57 2444 104 2501 sui
128 2441 248 2501 ordinis
271 2440 371 2514 gradu
394 2442 519 2513 corruit,
544 2456 617 2498 oum
639 2440 744 2498 adhuc
769 2442 802 2497 in
825 2441 1015 2513 Ι)1-11111111
1041 2447 1160 2500 terreno
1187 2448 1273 2502 esset

56 2541 173 2614 positos
199 2538 370 2612 generandi
404 2537 505 2621 oificio
526 2538 698 2595 distinatus
718 2538 917 2611 ciborumque
940 2540 1011 2597 esni
1021 2539 1037 2612 Ι)
1047 2539 1219 2612 deputatus
1237 2541 1271 2599 in

58 2640 260 2698 metationem
274 2638 436 2695 meliorem
451 2636 727 2709 sublimioremque
746 2642 777 2694 et
796 2638 968 2709 spiritalem
983 2639 1080 2697 vitam
1101 2639 1170 2697 sine
1188 2654 1271 2697 mor-

63 2737 119 2810 )111
145 2736 306 2808 reciperet,
332 2736 360 2792 si
384 2733 527 2807 quandiu
550 2736 583 2791 in
615 2735 675 2792 hac
707 2736 942 2793 conversatione
967 2737 1090 2808 positus
1117 2742 1210 2809 esset,
1236 2738 1271 2794 in

55 2835 195 2894 mandati
209 2831 406 2906 cus-iitodic
423 2833 518 2891 homo
535 2839 740 2904 permanaret.
764 2835 930 2891 Dementia
952 2849 1025 2908 ergo
1041 2834 1211 2893 conditoris
1231 2835 1271 2894 ad

54 2933 143 2992 illum
167 2936 285 2990 statum
308 2930 348 2988 ad
371 2945 463 3003 quem
492 2930 597 2989 adhue
611 2931 628 3003 ΙΙ
643 2946 777 3002 peccans
802 2937 986 3004 pervenerat
1012 2948 1066 3005 per
1092 2933 1270 3005 passionem

55 3031 373 3101 Domini-revocatur,
397 3044 492 3101 quem
514 3030 541 3086 si
555 3028 629 3086 inde
651 3029 816 3087 cecidisset
830 3031 913 3088 sicut
935 3029 1061 3103 angelus
1073 3030 1086 3103 1)
1097 3046 1270 3105 numquam

56 3129 168 3186 iterum
194 3131 361 3184 revocaret.
388 3126 514 3192 Quando
536 3141 599 3183 noro
621 3126 773 3185 edilium
794 3127 925 3200 gradum
946 3130 998 3185 vel
1021 3127 1161 3185 ordinem
1184 3128 1270 3187 unde

56 3227 176 3298 primus
203 3225 299 3282 homo
309 3225 325 3297 Ι)
336 3223 490 3282 ceciderat
517 3223 573 3281 sed
599 3224 638 3282 ad
664 3226 752 3282 illum
778 3225 994 3283 sublimiorem
1017 3242 1111 3298 quem
1133 3229 1272 3299 speravit

54 3322 211 3380 restitutio
225 3319 289 3393 fiet,
305 3320 429 3379 dicente
442 3321 572 3379 Domino
594 3340 601 3380 :
619 3323 635 3394 ΙΙ
659 3328 748 3380 eruut
769 3325 853 3380 siout
866 3323 969 3396 angeli
981 3325 1015 3381 in
1031 3325 1135 3396 cae103
1151 3325 1273 3383 scilicet

55 3423 128 3494 quia
142 3436 207 3478 nore
229 3420 312 3477 siout
334 3419 481 3477 homines
495 3421 530 3477 in
543 3421 685 3493 paradiso
697 3433 704 3493 ;
719 3423 753 3477 in
767 3423 854 3479 iiiam
868 3423 949 3479 euim
963 3423 1077 3480 inmor-
1092 3423 1105 3496 ΙΙ
1118 3424 1271 3482 tahtatem

55 3534 110 3592 que
125 3516 298 3593 generandi
313 3517 393 3588 proli
406 3522 439 3574 et
452 3517 593 3576 ciborum
606 3520 676 3576 esui
690 3519 841 3592 deputata
854 3536 909 3591 pro
921 3525 1058 3592 tempore
1070 3527 1112 3578 est
1126 3523 1272 3594 quamvis

55 3617 207 3689 redempti
218 3615 231 3688 Ι)
242 3615 382 3673 hominis
396 3614 495 3673 redire
510 3631 571 3673 nora
583 3622 759 3689 potueruut.
775 3618 836 3675 Sed
845 3624 916 3692 post
926 3624 1058 3677 mortem
1069 3625 1270 3693 resurgentes

54 3713 246 3786 spiritalibus
260 3711 467 3784 corpo-linibus
476 3728 539 3769 nou
551 3713 717 3772 crescendo
732 3730 794 3770 nou
808 3715 1010 3788 senescendo,
1026 3731 1088 3773 nort
1097 3716 1270 3792 moriendo,

55 3812 217 3885 angelicos
234 3811 394 3869 felicitatis
421 3812 719 3886 consortesiieruut;
740 3819 864 3885 tempus
886 3830 959 3872 vero
982 3814 1139 3873 diabulice
1166 3821 1270 3874 trans-
1341 3844 1344 3852 ·

56 3908 228 3981 grossioris
242 3908 270 3964 si
283 3907 454 3980 requiritur
466 3914 539 3966 ante
553 3924 646 3969 omne
659 3915 733 3968 tem·
745 3911 758 3985 Ι)
768 3925 830 3983 pus
844 3911 1020 3969 visibilium
1034 3925 1138 3968 rerum
1148 3912 1270 3971 diabuli

55 4010 219 4077 peccatum
233 4003 331 4062 inisse
347 4006 829 4079 origenaliterdeproehenditur.
847 4011 861 4080 1)
876 4009 988 4065 Omnia
1002 4009 1086 4064 enim
1097 4023 1175 4080 quoe
1189 4008 1271 4068 facte

56 4109 130 4162 sunt
143 4103 284 4160 simulet
299 4104 367 4161 sine
383 4110 540 4176 temperas
555 4104 636 4164 faeta
649 4106 747 4165 fuisse
762 4107 916 4164 scribtura
934 4105 1002 4178 do-i!
1014 4110 1064 4163 cet
1077 4121 1155 4178 quoe
1169 4106 1245 4164 dicit
1260 4124 1267 4164 :

56 4203 107 4273 qui
128 4201 210 4260 vivit
224 4201 258 4259 in
272 4206 436 4260 aeternum
449 4205 565 4262 creavit
579 4206 684 4263 omnia
698 4208 795 4263 semel
810 4207 844 4262 in
864 4205 979 4277 quibus
993 4203 1138 4262 omnibus
1152 4204 1244 4262 infer
1253 4205 1267 4278 Ι)

56 4302 135 4359 nelis
162 4301 237 4359 illes
263 4300 518 4373 ignisoetemus.
532 4304 577 4360 De
602 4318 665 4377 quo
683 4305 831 4361 Dominus
860 4303 934 4361 dicit
958 4320 965 4360 :
989 4303 1080 4360 mitte
1102 4303 1136 4360 in
1162 4303 1270 4376 ignem

55 4404 218 4457 oeternum
242 4413 337 4472 quem
356 4415 482 4472 proepa-
501 4401 517 4473 ΙΙ
536 4403 617 4459 ravit
631 4408 717 4474 pater
737 4417 838 4474 mene,
856 4401 984 4460 diabulo
1004 4406 1037 4459 11
1056 4401 1178 4476 angelis
1205 4402 1268 4476 ejus

57 4497 151 4555 simui
165 4496 268 4555 iactus
282 4496 381 4556 fuisse
394 4500 525 4559 minime
540 4499 742 4573 dn-iibitatur.
758 4503 795 4558 In
809 4516 845 4557 eo
860 4501 944 4558 enim
957 4499 1040 4573 quod
1053 4499 1129 4557 dicit
1142 4503 1268 4560 creavit.

58 4594 290 4667 omniasemel,
305 4596 387 4655 nihil
401 4613 463 4654 nou
481 4598 578 4656 simul
597 4597 715 4655 factum
731 4600 765 4655 in
785 4599 930 4656 omnibus
941 4598 955 4672 ΙΙ
967 4598 1117 4658 creaturis
1135 4599 1270 4672 reliquid

59 4694 106 4751 oni
119 4707 192 4767 ergo
207 4707 310 4781 carcer
323 4694 357 4755 in
369 4695 426 4755 illa
439 4698 650 4775 creaturamm
663 4695 842 4755 oondihone
856 4713 942 4770 proe-
951 4696 967 4769 ΙΙ
977 4700 1105 4770 paratus
1119 4699 1169 4755 ost
1181 4697 1269 4756 illius
