3082 5386
179 405 219 471 81
603 416 756 469 nnulms
777 418 966 469 scararum.

178 613 212 683 p.
233 608 282 660 xc
300 611 353 681 sq.
374 588 503 674 Rubro,
514 588 618 660 viridi
637 588 694 661 vel
713 588 804 660 flavo
822 589 935 661 colore
953 588 1091 660 litterae
1106 587 1389 659 initiulescrnan·

177 714 246 793 tur,
276 705 368 796 quod
393 712 538 798 apparet
564 706 601 776 in
629 705 819 797 specimine
852 703 1052 795 aParthey
1079 711 1115 775 et
1142 703 1272 776 Pinder
1300 703 1387 776 edito

176 821 248 892 ub.
269 822 313 907 ΙΙ,
335 822 367 890 1.

218 1070 253 1139 20
269 1072 412 1143 noum.
431 1071 548 1142 codex
571 1071 761 1142 Vaticanus
789 1068 849 1140 ru.
877 1034 978 1153 3321,
1006 1068 1063 1138 nr.
1095 1070 1159 1139 177
1182 1070 1205 1160 ε]
1222 1069 1387 1156 isidorus,

173 1184 454 1278 repensurum
473 1186 531 1257 uc.
554 1191 581 1271 1,
604 1184 704 1256 72·7t
726 1185 872 1276 [ungue
892 1187 1084 1270 nxxxur,
1106 1185 1176 1274 ist.

226 1381 359 1440 sibitum
373 1388 422 1440 est
436 1382 511 1441 felix
526 1388 693 1455 sequenter
707 1387 739 1441 et
753 1383 825 1440 aliis

226 1486 264 1537 ut
280 1486 330 1538 est
341 1482 414 1539 illut
427 1482 637 1554 virgilianum
654 1498 661 1538 :
677 1481 726 1538 Sis
741 1479 816 1537 felix
829 1494 894 1537 ncn
906 1494 994 1538 sum-

226 1591 288 1649 que
301 1579 387 1636 lcves
402 1593 578 1652 ccqumque
592 1579 738 1636 laborem.
752 1578 840 1635 Felix
851 1582 958 1636 autem
972 1577 1017 1634 di·

225 1675 307 1733 citur
320 1691 375 1748 per
388 1691 484 1748 quem
498 1676 591 1735 datur
604 1682 636 1734 et
649 1675 836 1748 adipiscitur
847 1674 893 1732 fe-

223 1772 338 1845 licitas,
354 1779 391 1832 ut
403 1774 478 1831 felix
492 1780 628 1846 tempus,
644 1773 720 1831 felix
732 1775 831 1845 locus,
848 1772 921 1830 felix
937 1772 1104 1845 [e]ventus.

203 1858 287 1927 lnter
299 1869 406 1928 bibere
417 1877 450 1928 et
463 1877 569 1943 potare
583 1871 660 1944 quid
672 1871 816 1928 interest?
827 1869 990 1944 Responsio
1002 1888 1012 1924 .·
1024 1869 1133 1928 bibere

223 1973 355 2025 naturae
368 1975 427 2041 est,
443 1975 550 2041 potare
563 1971 720 2028 luxuriae.

202 2054 289 2122 Inter
299 2066 450 2124 balneum
464 2072 497 2126 et
509 2068 672 2127 balineum
686 2066 763 2140 qiiid
776 2067 924 2124 interest?
937 2066 1100 2140 Responsio
1115 2085 1124 2122 :
1140 2069 1174 2125 in
1188 2083 1283 2140 prosa

223 2162 380 2220 cotidiano
395 2179 538 2223 sermone
551 2165 724 2237 balineum,
740 2165 774 2222 in
787 2164 919 2222 bersum

222 2258 373 2319 huncum
388 2262 533 2322 dicimus

201 2346 286 2415 Inter
298 2357 448 2418 bucinam
461 2365 493 2417 et
505 2361 660 2419 bucinum
673 2360 750 2433 quid
763 2361 910 2417 interest?
922 2358 1085 2434 Responsio
1104 2377 1114 2416 .·
1128 2359 1247 2418 bucina
1267 2368 1318 2419 est

221 2454 299 2512 tuba
308 2470 372 2528 qua
385 2459 515 2530 signum
529 2457 668 2516 daturin
682 2459 784 2531 hoste,
799 2457 938 2516 bucinus

221 2552 289 2623 ipse
302 2555 431 2628 clangor
445 2558 566 2615 canoris
578 2561 640 2616 est.

200 2648 287 2719 Inter
299 2662 429 2721 barbam
443 2668 475 2720 et
487 2663 600 2721 barbas
615 2662 691 2735 quid
704 2662 846 2720 interest?
860 2661 1040 2735 Responsio:
1052 2660 1182 2719 barbam
1198 2661 1379 2735 hominum,

220 2763 333 2821 barbas
347 2761 502 2833 pecodum
516 2760 667 2834 dicimus;
680 2759 794 2818 barbas
806 2764 838 2818 et
850 2759 951 2817 homi-

219 2875 308 2931 num,
323 2864 361 2917 ut
374 2864 452 2931 aput
464 2859 639 2932 Vergilium
655 2875 663 2916 ι
678 2857 791 2916 barbas
805 2858 936 2916 incana·

220 2974 278 3031 que
291 2962 399 3015 menta
412 2970 502 3029 reges
517 2956 659 3013 Romani.

198 3046 284 3114 Inter
296 3053 416 3112 bellum
431 3059 462 3110 et
476 3054 629 3125 praelium
643 3052 719 3125 quid
732 3052 882 3110 interest?
895 3051 1058 3126 Responsio
1073 3069 1080 3110 :
1096 3051 1220 3111 bellum

218 3161 378 3233 indicitur,
393 3161 548 3232 praelium
562 3160 691 3232 regitur.
706 3161 743 3216 In
755 3159 838 3217 bello
850 3160 935 3217 enim

219 3274 283 3317 non
298 3260 405 3317 statim
420 3259 583 3329 praelium,
598 3259 632 3313 in
646 3259 764 3330 praelio
778 3263 885 3315 autem

218 3358 325 3415 statim
340 3361 372 3413 et
384 3355 515 3413 bellum.
525 3354 619 3413 Unde
633 3360 666 3412 et
679 3360 756 3426 aput
769 3356 933 3427 antiquos.

218 3454 295 3512 tuba
308 3454 418 3526 proelii
431 3453 559 3526 signum
571 3458 646 3510 erat.
661 3454 786 3510 Bellum
797 3452 924 3525 bucina,
938 3454 1013 3510 item

216 3551 338 3609 bellum
353 3556 455 3608 totum
469 3555 518 3607 est
531 3555 568 3607 ut
581 3552 797 3623 Jugurtinum,
813 3552 919 3622 civile,

215 3649 382 3720 Punicum,
398 3662 507 3720 pugna
516 3648 615 3705 unius
630 3647 703 3720 diei,
717 3649 872 3720 proelium
883 3662 955 3720 pars

217 3760 334 3818 pugne,
347 3746 421 3802 licet
435 3750 467 3802 et
477 3756 586 3817 pugna
597 3743 733 3802 ducrum
746 3746 789 3802 sit
802 3745 955 3817 uliquan-

216 3841 256 3900 do
271 3847 303 3899 et
317 3843 385 3899 sine
398 3840 539 3913 ferribus,
554 3841 639 3898 unde
654 3847 686 3898 et
700 3857 718 3899 a
733 3856 840 3914 pugno
856 3846 917 3899 est.

197 3930 281 4001 Inter
292 3939 472 3998 balsamum
486 3944 518 3996 et
530 3938 768 4010 opobalsamum
783 3939 859 4013 quid
872 3938 1027 3996 interest?

216 4037 395 4094 balsamum
410 4042 459 4094 est
472 4037 562 4094 arbor
574 4038 653 4108 ipsa,
669 4037 907 4108 opobalsamum

216 4149 314 4193 sucus
326 4116 476 4192 collectus
491 4149 530 4190 ex
544 4134 661 4206 arbore,
682 4149 740 4206 cpc
756 4149 854 4192 sucus
868 4134 915 4191 di·

196 4215 201 4221 ’
215 4232 305 4302 citur,
322 4231 463 4303 probatio
476 4236 584 4289 autem
597 4230 732 4288 balsami
746 4236 784 4288 ut
799 4230 877 4289 dicit

213 4329 342 4386 Plenius
354 4343 388 4386 es
403 4328 488 4401 quod
503 4331 530 4387 si
546 4335 653 4387 contra
666 4331 730 4386 scie
744 4329 871 4388 feratur.

205 4549 365 4620 (iudicem
384 4549 642 4641 descripserunt
659 4550 842 4633 Arevalus,
859 4550 1062 4634 isidoriana,
1078 4552 1137 4634 IV,
1152 4507 1207 4635 te,
1223 4551 1265 4621 16
1283 4571 1378 4643 sqq„

160 4667 341 4756 Augustus
358 4665 557 4736 Wilmanns
573 4665 704 4756 (iiheiu.
721 4669 891 4751 Mesenen,
907 4668 1032 4749 XXIV,
1045 4663 1144 4750 1869,
1161 4686 1196 4754 p.
1213 4664 1275 4735 381
1294 4667 1377 4758 sq.),
