3392 5560
618 495 740 553 omero
760 495 917 546 SAMULO·

393 670 461 737 Quo
505 665 613 728 andito
627 681 681 724 rex
694 665 727 724 iu
740 664 842 724 iurore
854 671 888 724 et
901 665 934 724 in
948 667 994 726 ira
1008 681 1125 742 magne

394 767 552 842 praecepit
564 771 601 824 ut
614 764 750 836 perirent
763 777 873 822 omnes
885 764 1045 836 sepientes

504 862 687 935 Babylonis.

394 961 434 1020 Et
452 973 578 1033 egressa
592 957 749 1016 sententie
762 957 921 1030 sapientes
935 955 1101 1017 interficie-

504 1057 629 1122 bantur,

395 1139 692 1240 Qnaerehajturque
704 1151 839 1217 Danihel
851 1156 883 1210 et
896 1153 973 1211 socii
987 1152 1057 1228 ejus

503 1258 541 1311 nt
551 1252 702 1324 perirent.

395 1355 483 1411 Tune
504 1349 638 1408 Danihel
651 1347 818 1422 requisivit
829 1346 869 1408 de
882 1348 952 1422 lege
964 1353 1059 1422 aterne

505 1437 672 1506 sententie.

213 1725 390 1817 Scriptura
420 1722 588 1816 posterior
626 1719 769 1812 (saeculi
799 1720 883 1794 noni
921 1719 1131 1812 insipientis)
1172 1743 1180 1792 :
1223 1716 1373 1789 Pseudo·

170 1839 358 1933 Aequstini
376 1859 500 1911 sermo.

413 2064 581 2135 congreget
594 2074 634 2118 ne
648 2059 683 2117 in
697 2062 905 2131 temperent,

413 2159 541 2218 divitiae
555 2159 583 2215 ei
597 2153 746 2229 aditnent,
766 2156 863 2214 nolite
877 2169 929 2214 eor
942 2153 997 2214 ad-

413 2271 538 2330 ponere,
553 2260 591 2314 ut
603 2253 657 2313 ille
671 2253 760 2311 dives
773 2255 829 2326 qui
843 2253 882 2311 de
896 2261 1032 2326 purpura

413 2360 445 2412 et
458 2354 545 2412 hisso
559 2359 688 2409 ornatus
701 2347 846 2408 cottidiae
859 2348 1023 2422 splendide

414 2451 614 2524 epulabatur;
629 2453 773 2506 mortuus
788 2453 835 2505 est
848 2451 880 2505 et
893 2448 927 2504 in
942 2447 1098 2506 infernum

417 2549 571 2620 sepultus,
585 2547 619 2603 in
630 2545 770 2602 flammas
784 2545 938 2602 erutiatus
951 2543 1037 2606 arde·

416 2648 471 2706 bat
482 2647 516 2705 in
529 2647 649 2717 lingua,
665 2645 816 2702 Lazarum
830 2643 1000 2715 quaerebat

418 2749 540 2818 guttam
554 2757 654 2816 aquae
666 2742 717 2799 eui
732 2755 790 2798 nee
804 2739 933 2798 haberet
948 2741 1061 2798 mitem

414 2843 522 2916 panis;
536 2856 601 2899 non
615 2839 797 2898 inveniebat
809 2839 935 2896 veniam
949 2840 1024 2911 quia

415 2957 478 2998 non
492 2939 605 2998 feeerat
619 2936 871 2996 misericordiam.
887 2936 985 2994 Tarda
997 2942 1047 2994 est

417 3038 570 3098 consessio
585 3035 711 3110 qnando
725 3033 902 3105 adveniam
916 3034 1005 3092 nulla
1018 3039 1063 3092 eet

416 3137 579 3209 regressio.
595 3134 675 3191 Mala
687 3139 732 3190 est
745 3133 940 3205 paenitentia
954 3131 1011 3189 ubi

416 3234 505 3291 nulla
519 3233 577 3289 erit
591 3229 798 3302 indulgentia,
814 3229 849 3285 in
862 3229 1018 3300 prophetis
1034 3242 1041 3285 :
1060 3229 1093 3286 in

416 3327 573 3386 infernum
587 3332 687 3384 entem
699 3326 770 3399 quis
786 3324 986 3383 confitebitur
999 3325 1069 3383 tibi.
1088 3324 1145 3384 Sa·

416 3429 522 3484 lamen
535 3426 580 3482 ait
594 3438 601 3479 τ
615 3423 830 3500 quodcumque
842 3428 946 3494 potest
960 3437 1075 3480 manus

411 3531 466 3583 tue
479 3525 578 3582 faeere
591 3523 745 3580 instanter
759 3536 894 3594 operere,
910 3521 984 3594 quia

418 3637 476 3680 nee
490 3637 570 3693 opus
584 3635 642 3679 ner
654 3615 732 3678 ratio
747 3634 805 3677 nee
817 3619 949 3677 seientia
963 3633 1022 3675 nee

418 3720 573 3791 sapientia
587 3725 679 3776 erunt
693 3716 778 3790 apud
792 3717 907 3774 inferos
922 3730 984 3789 quo

416 3831 573 3893 properes,
587 3821 758 3875 venturum
772 3820 895 3888 tempus
910 3815 1035 3886 ignores

415 3919 447 3972 et
460 3919 531 3987 post
544 3919 676 3971 mertem
690 3926 815 3984 operare
829 3925 893 3968 non
907 3920 1056 3982 possum

416 4011 554 4085 quinque
567 4011 653 4069 enim
666 4009 773 4067 fratres
787 4007 924 4066 habebat

214 4281 300 4356 Pers
317 4276 451 4356 Bibliee
468 4277 669 4362 velsaltem
687 4278 782 4363 Libri
799 4277 1052 4372 Prophetarum
1074 4279 1170 4372 jacet
1183 4277 1262 4352 snb
1281 4283 1382 4350 textu

168 4392 322 4470 Caesarii
341 4391 567 4476 Arelatensis,
587 4393 786 4484 Augustini,
807 4395 1026 4485 Hieronymi,
1040 4401 1106 4466 eet.
1124 4396 1164 4464 In
1179 4394 1247 4468 elio
1262 4392 1381 4466 eediee

169 4507 403 4600 Sangallensi
432 4507 508 4579 scil.
537 4509 660 4581 110567
681 4510 774 4602 (pag.
797 4509 956 4600 tta-tet)
977 4510 1204 4581 inveniuntur
1229 4508 1312 4578 felia
1337 4507 1380 4577 ab

170 4623 294 4696 eadem
311 4633 429 4696 vetere
457 4645 563 4695 manu
590 4625 731 4718 scripta,
753 4646 841 4718 quae
861 4625 904 4695 ad
923 4625 1074 4696 Michem
1086 4629 1279 4718 Jonemque
1298 4643 1379 4714 pre-

169 4737 312 4834 phetam
330 4739 517 4834 pertinent.
