3392 5560
342 455 401 522 lla
727 469 965 521 samosatenis
986 471 1174 521 semerom.

376 641 459 700 alius
473 639 602 714 quidam
616 639 759 700 adfirma-

375 737 431 796 bat
444 737 552 796 dioens
567 756 575 796 :
590 739 668 796 Vere
683 744 715 796 et
726 739 781 797 hia

376 849 450 894 oum
464 835 518 894 illo
532 841 607 908 orat,
620 849 694 894 nam
707 841 739 892 et

376 932 535 992 Galilaous
549 938 607 992 ost.
623 933 663 990 Et
676 933 720 992 alt
735 935 788 992 Pe·

376 1037 445 1088 trus
460 1047 468 1088 ε
484 1031 583 1088 Homo
597 1031 704 1090 neseio
719 1029 805 1104 quod

375 1127 465 1188 diois.
480 1127 519 1185 Et
532 1129 683 1187 oontinuo
697 1126 751 1186 ad·

376 1227 441 1286 huo
458 1227 512 1285 iilo
526 1227 677 1300 loquente

1012 645 1045 698 et
1056 641 1118 698 alia
1130 641 1232 698 muita
1244 639 1390 712 blasphe-

1011 743 1136 796 mantes
1149 737 1297 796 dioebant
1310 739 1344 794 in
1358 752 1440 796 eum.
1532 743 1536 752 '

982 826 1026 894 Et
1038 841 1076 894 ut
1088 835 1189 894 iaetus
1203 839 1252 894 est
1265 833 1343 936 dies,
1360 849 1432 894 oon·

1011 937 1167 992 venerunt
1179 934 1317 991 seniores
1377 1005 1380 1010 Ι

1010 1030 1113 1104 plebis
1127 1035 1159 1089 et
1173 1031 1331 1104 principes
1346 1045 1392 1089 sa-

1009 1127 1173 1187 oerdotum
1187 1132 1220 1185 et
1233 1129 1354 1186 sannae

1008 1229 1041 1284 et
1057 1224 1218 1284 duxerunt
1231 1227 1323 1284 illum

384 1485 418 1554 2ο
445 1487 577 1557 Severi
609 1489 722 1556 Penni
753 1485 792 1556 in
820 1483 1012 1556 Corinthia.
1047 1483 1218 1554 Abbatiae
1249 1482 1547 1554 Benedictinorum

340 1601 451 1672 codex
466 1619 556 1676 xxv.
577 1601 611 1671 d.
632 1599 673 1672 65
695 1617 704 1670 ε
725 1599 957 1692 Euangelium
982 1599 1176 1672 seeundum
1199 1602 1328 1668 Lucam
1351 1600 1461 1684 XXII,
1492 1599 1547 1670 iii·

340 1719 469 1802 XXIII,
490 1717 524 1786 7.

374 1915 409 1972 in
422 1913 591 1973 oonoilium
605 1927 700 1972 suurn

375 2011 515 2070 dieentes
530 2029 537 2069 :
554 2012 585 2070 Si
600 2015 635 2069 tu
650 2025 685 2070 es
699 2010 834 2070 chriam

376 2108 427 2168 dio
440 2109 541 2166 nobis.

346 2197 389 2266 lii
403 2209 447 2266 ait
460 2208 523 2264 illis
540 2224 546 2264 :
562 2208 589 2264 si
603 2206 694 2264 vobis
707 2205 795 2263 dixe-

374 2319 419 2376 ro,
434 2319 498 2362 non
511 2303 643 2362 oredetis
655 2304 750 2378 mihi;

375 2404 403 2460 si
417 2407 523 2460 autam
537 2415 569 2460 et
583 2402 710 2460 interro-

374 2515 488 2574 gavero
502 2515 566 2559 non
580 2515 708 2572 respon-

375 2597 455 2656 detis
469 2598 549 2656 mihi
563 2612 665 2670 neque
680 2596 727 2654 di-

314 2749 317 2756 ,
375 2695 518 2752 mittetis.

346 2783 396 2851 Ex
407 2792 467 2850 hoo
481 2798 587 2850 autem
600 2793 659 2848 erit
673 2790 758 2849 filius

374 2889 514 2947 hominis
528 2887 643 2947 sedena
656 2903 675 2946 a
689 2887 761 2945 dex-

375 2987 432 3043 tris
447 2987 572 3044 virtutis
588 2987 649 3043 Dei.

344 3073 501 3141 Dixerunt
514 3089 621 3141 autem
636 3097 700 3142 om-

375 3194 432 3238 nes
448 3197 456 3237 :
472 3185 508 3237 tu
521 3195 594 3254 orgo
608 3194 642 3238 es
655 3179 741 3239 filius
755 3180 832 3237 Dei‘i

375 3278 430 3350 qui
442 3279 487 3334 ait
501 3295 508 3336 :
524 3277 586 3335 Vos
600 3276 705 3334 diuitis
719 3278 796 3350 quia

375 3388 435 3447 ego
449 3389 531 3432 snm.

344 3463 389 3529 At
403 3471 448 3529 illi
463 3470 611 3529 dixerunt
625 3489 632 3530 :
649 3471 731 3538 Ouid
744 3471 796 3532 ad·

375 3568 439 3626 huo
453 3568 667 3626 desideramus
681 3570 770 3626 testi·

374 3666 535 3724 monium?
548 3667 612 3738 Ipsi
625 3667 710 3724 enim
724 3681 778 3725 au·

374 3760 514 3820 divimus
528 3761 566 3819 da
581 3777 632 3820 ore
644 3762 725 3834 ejus.

344 3850 388 3920 Et
401 3873 534 3934 surgons
547 3861 651 3917 omnis
665 3859 746 3918 mul-

373 3957 475 4016 titudo
487 3972 595 4016 eorum
608 3957 768 4016 duxerunt

372 4057 464 4114 illum
478 4055 518 4114 ad
531 4057 676 4116 Pilatum.

346 4143 523 4226 Coeperunt
536 4160 643 4212 autem
657 4167 706 4213 ao

1006 1926 1116 1971 ousare
1130 1911 1221 1970 illum
1235 1911 1377 1970 dieentes
1393 1928 1403 1966 .-

1005 2010 1093 2068 hnno
1106 2011 1287 2068 invenimus
1301 2009 1427 2068 subver-

1007 2097 1124 2168 tont'im
1140 2115 1266 2184 gentem
1279 2111 1416 2165 nostram

1006 2211 1038 2265 et
1051 2207 1272 2278 prohibentem
1286 2204 1406 2262 tributa

1005 2303 1071 2362 dari
1086 2305 1206 2364 Caesari
1221 2309 1253 2360 et
1268 2303 1424 2360 dicentem

1006 2415 1039 2459 se
1052 2402 1205 2460 christum
1216 2415 1324 2474 regem
1338 2413 1416 2456 esse.

979 2489 1101 2558 Pilatus
1116 2506 1222 2558 autem
1237 2501 1370 2556 interro·

1007 2596 1094 2669 gavit
1106 2609 1181 2654 oum
1195 2594 1304 2653 disens
1319 2612 1327 2652 ε
1345 2599 1380 2652 tu
1396 2607 1430 2650 es

1006 2709 1060 2751 rex
1072 2693 1254 2752 iudeorum.
1270 2692 1311 2749 At
1325 2692 1377 2749 ille

1005 2789 1198 2862 respondens
1212 2792 1256 2848 ait
1271 2807 1278 2847 ι
1295 2795 1329 2846 tu
1343 2788 1435 2846 diois.
1508 2795 1512 2804 ’

975 2880 1032 2946 Ait
1045 2893 1153 2946 autem
1166 2887 1287 2945 Pilatus
1301 2887 1341 2944 ad

1007 2987 1164 3058 principes
1178 2986 1375 3044 sacerdotum

1006 3089 1037 3140 et
1053 3084 1182 3144 turbas:
1199 3084 1281 3141 nihil
1296 3084 1422 3141 invenio

1006 3195 1119 3239 causae
1134 3181 1167 3237 in
1181 3180 1241 3238 hoo
1253 3181 1392 3238 homine.

970 3267 1015 3334 At
1029 3277 1075 3335 iili
1090 3277 1327 3336 invalesoebant

1006 3374 1166 3433 dieentes:
1183 3380 1360 3434 commovet

1006 3475 1158 3544 populum
1173 3471 1288 3530 doeens
1303 3487 1357 3544 per

1006 3571 1186 3628 universam
1198 3568 1351 3627 iudaeam

1005 3673 1037 3724 et
1050 3668 1205 3740 incipiens
1219 3681 1238 3724 a
1250 3667 1387 3724 Galilaea

1006 3779 1107 3838 usque
1121 3764 1195 3822 huo.

977 3853 1101 3920 Pilatus
1116 3867 1222 3919 autem
1237 3860 1372 3920 audiens

1004 3959 1173 4018 Galilaeam
1187 3961 1357 4033 interroga-

1002 4057 1050 4113 vit
1063 4058 1090 4114 si
1104 4056 1198 4114 homo
1213 4057 1370 4115 Galilaeae
1385 4061 1479 4126 esset,

1002 4161 1035 4211 et
1048 4158 1085 4211 ut
1098 4156 1245 4227 cognovit
1258 4154 1343 4228 quod
1357 4152 1396 4212 de

378 4368 472 4438 Inter
489 4365 625 4438 oodioes
642 4365 901 4458 euangeliorum
919 4366 979 4458 qui
997 4366 1203 4460 Hieronymi
1221 4367 1417 4437 versionem
1436 4365 1534 4436 nobis

334 4481 549 4552 tradiderunt
580 4481 610 4552 is
636 4482 781 4554 sortasse
806 4483 1069 4574 antiquissimus
1096 4491 1159 4554 ost.
1190 4485 1401 4572 Quanquam
1424 4481 1468 4552 de
1497 4501 1536 4551 eo

332 4596 579 4668 Constantinus
591 4595 819 4669 Tischendori
832 4606 953 4689 egerat
969 4596 1142 4690 (Deatscie
1155 4596 1388 4687 Zeitsolirists.
1408 4595 1533 4666 clarinti.

337 4712 594 4802 Wisseaockost
612 4713 711 4800 1857,
728 4734 762 4806 p.
779 4713 908 4806 ‘sl-55),
924 4733 1005 4786 eum
1018 4715 1146 4806 injuria
1158 4714 1391 4804 neglexerunt
1409 4713 1537 4798 ultimi,
