3392 5560
619 497 740 556 Quinto
760 495 920 548 SABGULO.

430 672 463 724 et
498 663 810 726 deditillivirtntem

537 762 720 822 continendi
733 765 854 838 omnia;

432 859 472 919 ab
514 860 576 920 hae
586 863 766 922 utreeessit
779 863 919 938 iniustus

536 959 571 1016 in
580 960 626 1018 ire
635 973 694 1020 sue

429 1070 483 1130 per
524 1057 602 1116 iram
615 1057 777 1118 homicidii
792 1057 895 1116 fratris

536 1153 668 1229 deperiit

210 1389 306 1461 Folia
324 1398 460 1462 tantum
475 1391 541 1464 tria
561 1391 595 1484 (i.
618 1392 650 1478 3,
670 1393 703 1480 Ι,
725 1393 757 1486 5)
778 1400 965 1485 supersunt
983 1392 1110 1467 oodieis
1129 1392 1211 1464 oiim
1229 1392 1373 1466 Librum

166 1508 379 1599 Sapientiae,
404 1507 462 1580 vel
483 1516 619 1600 partem
640 1508 771 1582 Bibliae
793 1509 985 1580 secundum
1003 1509 1200 1582 versionem
1218 1507 1375 1582 antehie·

166 1622 423 1714 ronyminnem,
456 1623 678 1709 continentis,
709 1623 747 1694 in
777 1645 846 1716 qno
877 1624 996 1698 titulos
1021 1640 1215 1704 ‚serruuuut
1237 1643 1372 1710 versae,

168 1753 274 1810 SIRAC
303 1746 416 1809 rectae
445 1741 595 1830 paginae
623 1757 774 1832 superne
800 1740 925 1811 ierunt.
954 1739 1131 1832 Scriptura
1154 1759 1217 1832 per
1238 1737 1316 1810 oola
1338 1745 1375 1810 et

169 1861 341 1924 commata
358 1853 528 1946 procedit.

210 2055 409 2147 Speeimine
439 2057 514 2150 jem
551 2055 721 2127 dederunt
755 2055 950 2154 Bianehini,
993 2055 1168 2126 Vindictae
1205 2020 1375 2125 oaaooum

166 2171 297 2263 script,
326 2178 352 2274 t.
376 2173 404 2255 l,
433 2192 467 2262 p.
495 2187 607 2243 ccxru
635 2179 671 2243 et
702 2170 930 2256 Benedictini,
962 2175 1072 2244 Nouo.
1105 2171 1227 2257 Troice,
1257 2181 1283 2242 i.
1315 2173 1374 2258 ΙΙΙ,

166 2305 202 2375 p.
227 2286 306 2371 207,
327 2284 375 2379 pl.
396 2285 452 2372 io,
473 2288 501 2372 1,
521 2305 547 2356 ιι
566 2286 637 2378 (uhi
655 2294 818 2378 quattuor
834 2287 984 2377 versus).

614 2630 788 2699 TABVLA
820 2631 928 2701 LXVI

199 2880 245 2949 Ἰο
264 2883 398 2952 Seueri
416 2883 537 2951 Gauii.
558 2873 792 2946 Bibliothecae
810 2873 965 2945 coenobii
980 2871 1055 2946 eod.
1073 2835 1172 2960 1395,
1189 2894 1269 2966 pag.
1286 2873 1373 2959 251;

164 2997 398 3086 Euangelium
416 2995 609 3068 secundum
627 2998 766 3080 Lucam,
787 2994 899 3079 XXII,
920 2991 1033 3062 55-66.

203 3197 309 3251 autem
322 3191 390 3266 igni
404 3192 438 3250 in
455 3190 559 3250 medio

203 3292 279 3349 atrio
293 3297 326 3348 et
338 3288 566 3349 circumseden-

203 3387 289 3446 tibus
304 3389 368 3445 illie
382 3393 447 3446 erat
459 3389 570 3446 Petrus

203 3486 237 3542 in
249 3485 354 3543 medio
367 3499 487 3545 eorum.
507 3485 605 3552 Quem

203 3598 276 3642 eum
289 3582 423 3641 vidisset
435 3583 550 3641 aneilla

203 3680 359 3754 quaedem
373 3679 537 3738 sedentem

203 3779 243 3837 ad
256 3781 366 3836 lumen
379 3784 412 3836 et
424 3793 499 3836 eum
513 3777 590 3846 iuis·

203 3882 251 3934 set
265 3877 391 3949 intuita,
407 3874 508 3934 dixit:
523 3875 562 3932 ΕΙ

203 3974 257 4032 hio
270 3988 344 4031 eum
359 3974 412 4032 illo
426 3978 501 4031 erat.
516 3973 559 4031 At

201 4073 255 4129 ille
268 4072 397 4145 negavit
411 4085 485 4129 eum
498 4068 607 4127 dioene
623 4084 629 4126 :

185 4173 186 4176 ’
201 4171 323 4243 Mulier,
338 4185 402 4228 non
416 4169 491 4227 novi
503 4169 604 4226 illum.

173 4260 217 4329 iia
228 4274 301 4341 post
313 4266 467 4340 pusillum
481 4266 564 4324 alius

203 4365 314 4426 videns
329 4379 403 4423 eum
416 4363 497 4422 dixit
512 4381 519 4420 :
533 4363 573 4418 Et

202 4471 239 4522 tu
253 4463 291 4521 de
304 4464 371 4521 iilis
385 4477 432 4521 es.
448 4462 558 4518 Petrus
571 4473 624 4517 ve-

203 4577 236 4620 ro
250 4564 314 4621 ait:
331 4559 356 4620 0
370 4561 464 4618 homo
478 4571 542 4616 non
557 4573 638 4616 sum.

174 4653 218 4722 Et
232 4657 396 4718 intervallo
409 4655 506 4714 taem·
574 4667 576 4671 ’

204 4759 295 4832 quasi
309 4757 404 4818 horae
419 4754 517 4820 unius

832 3187 970 3246 oanuvit
981 3187 1095 3260 gallus.

753 3348 760 3366 ‚
803 3275 846 3344 iia
859 3297 1029 3342 conversus
1043 3283 1195 3340 Dominae
1208 3296 1255 3340 re-

833 3383 936 3455 spexit
949 3383 1085 3439 Pet'rum.
1099 3380 1138 3438 Et
1149 3394 1195 3437 re-

834 3477 979 3538 eordatus
993 3483 1043 3536 eet
1055 3479 1166 3535 Petrus

833 3577 919 3636 verbi
933 3577 1056 3634 Domini
1071 3577 1154 3635 siout
1167 3575 1248 3635 dixit
1264 3594 1270 3633 :

834 3676 914 3743 Quia
926 3676 1014 3746 prius
1028 3688 1124 3747 quam
1140 3676 1207 3748 gel·

833 3773 885 3831 ius
899 3777 1004 3830 cantet
1018 3776 1129 3829 terme
1143 3787 1198 3829 ne-

833 3870 932 3943 gabis.
947 3869 986 3926 Et
999 3882 1146 3942 egressus
1161 3869 1243 3928 forae

814 3997 815 4000 ι
833 3969 942 4025 Petrus
956 3967 1042 4025 ilevit
1055 3979 1169 4024 amare.

807 4055 850 4124 Et
862 4065 921 4122 viri
933 4065 988 4138 qui
1003 4062 1153 4122 tenebant

834 4163 926 4221 ilium
940 4159 1129 4220 inludebant
1143 4161 1173 4218 ei

834 4259 1009 4331 caedentes,
1025 4264 1057 4317 et
1070 4260 1196 4316 velave-

833 4364 908 4415 runt
921 4371 995 4415 eum
1009 4362 1041 4414 et
1053 4357 1190 4428 pereuti-

833 4454 928 4512 ebant
942 4455 1054 4512 iaoiem
1069 4454 1138 4526 ejus
1153 4457 1185 4510 et

833 4550 1067 4624 interrogabant
1080 4565 1153 4607 eum

833 4648 974 4706 dieentes
989 4665 996 4705 :
1009 4645 1168 4718 Proietiza‚

833 4747 906 4818 quia
920 4749 968 4806 est
982 4745 1037 4818 qui
1052 4748 1083 4802 te
1097 4741 1272 4816 pereuseiti
