3082 5386
593 396 719 447 OCTAVO
740 397 895 447 sarculo.

599 820 774 889 TABVLA
797 821 890 890 XCII

192 1063 219 1132 l⁰
245 1067 463 1137 Auannranr.
492 1066 728 1139 Bibliothecae
764 1068 915 1140 civitatis
943 1068 1053 1141 codex
1085 1069 1149 1142 169
1179 1071 1228 1164 (in
1259 1093 1350 1144 novo

159 1179 239 1250 catal.
273 1181 365 1270 192),
403 1180 462 1250 iol.
501 1182 542 1251 19
557 1192 617 1252 νοτ
648 1185 883 1276 Hieronymus
906 1185 944 1254 itt
966 1186 1091 1254 isaiam
1109 1187 1193 1272 itt
1221 1189 1349 1279 [Migne

124 1315 126 1321 ’
158 1296 263 1382 XXIV,
286 1297 323 1366 74
347 1298 427 1368 c-75
447 1298 491 1388 al.

276 1508 409 1552 errorem
436 1500 468 1552 et
492 1495 703 1569 ignorantiam
725 1496 782 1555 sed
805 1499 936 1570 gloriam
962 1497 1129 1572 significat,

272 1591 364 1664 J'uxta
376 1593 450 1650 illut
463 1592 548 1666 quod
562 1595 595 1651 in
610 1592 720 1652 eodem
739 1595 893 1666 propbeta
906 1594 1083 1653 secundum
1099 1610 1175 1668 quo-

275 1687 409 1746 rundam
421 1690 602 1761 opinionem
615 1692 727 1750 lecturi
742 1706 872 1750 sumus:
888 1690 1002 1750 domus
1016 1692 1136 1764 inpleta

276 1792 325 1844 est
337 1785 443 1860 iumo;
459 1793 490 1845 et
503 1788 590 1846 Iohel
605 1787 644 1846 de
659 1790 758 1860 gratia
771 1789 899 1861 spiritus
914 1791 1013 1848 soracti
1023 1805 1104 1863 quae
1118 1790 1281 1850 descendit

276 1899 371 1956 super
384 1887 540 1957 apostolos
553 1885 686 1945 dicitur:
702 1885 863 1945 effundam
877 1886 916 1946 de
930 1888 1044 1959 spiritu
1059 1903 1128 1946 meo
1142 1894 1174 1946 et

275 1983 517 2055 prophetabunt,
533 1990 565 2041 et
580 2001 587 2042 :
603 1984 684 2042 dabo
696 1984 840 2059 prodigia
851 1986 885 2042 in
898 1987 984 2044 caelo
996 2001 1126 2045 sursum

272 2085 304 2136 et
318 2081 410 2153 signa
423 2082 456 2139 in
471 2087 551 2140 terra
564 2081 721 2154 deorsum,
743 2083 933 2155 sanguinem
956 2088 989 2140 et
1003 2084 1111 2157 ignem

276 2183 308 2234 et
320 2192 467 2250 vaporem
481 2178 620 2236 iumi.1d
634 2181 741 2252 ipsum
755 2178 933 2252 significare
947 2186 1025 2252 puto
1039 2187 1071 2239 et

277 2274 358 2332 illud
371 2277 405 2333 in
420 2277 551 2347 psalmis
567 2278 641 2350 :qui
652 2278 754 2350 tangit
767 2282 892 2335 montes
906 2283 938 2335 et
949 2277 1127 2336 fumabunt.

278 2375 376 2445 Super
389 2389 515 2432 omnem
527 2382 635 2433 autem
650 2377 749 2448 gloria
761 2377 921 2448 protectio,
937 2381 969 2434 et
986 2376 1088 2435 taber·

279 2475 429 2530 naculum
444 2474 503 2531 erit
516 2474 550 2530 in
564 2473 787 2531 umbraculum
801 2473 864 2532 diei
878 2474 916 2531 ab
932 2480 1033 2547 aestu,
1048 2479 1081 2532 et
1095 2475 1129 2532 in

276 2571 482 2629 absconsione
496 2578 528 2630 et
538 2573 573 2629 in
587 2573 754 2631 securitate
768 2587 788 2630 a
801 2571 927 2630 turbine
940 2577 973 2630 et
985 2587 1004 2630 a
1016 2573 1135 2644 pluvia.

278 2669 369 2726 Hunc
384 2670 488 2728 locum
503 2671 519 2726 J
522 2669 614 2728 odaei
628 2668 668 2728 ad
682 2671 881 2729 anticristum
895 2669 1044 2743 referunt,
1060 2685 1156 2743 quem

217 2820 220 2827 .
278 2780 333 2837 per
348 2764 529 2842 [turlbinem
544 2774 576 2825 et
591 2773 809 2840 tempestatem
823 2767 993 2842 significari
1010 2769 1188 2839 aestimant,

277 2865 403 2938 quando
418 2881 471 2924 eos
483 2867 633 2925 Dominus
649 2868 900 2939 apotentissimo
914 2865 1091 2926 abversario
1103 2866 1155 2925 de-

279 2961 428 3022 fensurus
440 2966 500 3038 sit;
516 2979 573 3023 nos
589 2971 695 3023 autem
710 2966 816 3023 omnia
829 2960 1001 3023 referamus
1022 2964 1063 3023 ad
1077 2966 1140 3038 pri-

277 3075 367 3119 mum
380 3061 553 3121 adventum
567 3062 687 3134 Christi,
703 3062 742 3120 de
757 3077 819 3136 quo
833 3067 865 3120 et
877 3063 910 3120 in
923 3064 1056 3121 Psalmis
1070 3063 1207 3136 legimus
1222 3079 1229 3120 :

279 3162 415 3231 protexit
427 3176 478 3218 me
492 3162 526 3219 in
541 3161 724 3219 abscondito
737 3162 931 3220 tabernaculi
945 3163 1007 3235 sui,
1018 3163 1057 3219 in
1067 3177 1120 3235 pe·

279 3264 326 3315 tra
339 3259 488 3317 exaltavit
502 3271 572 3334 me;
588 3274 793 3332 superquam
807 3258 939 3317 lundata
956 3261 1090 3319 ecclesia

276 3357 365 3413 nulla
378 3362 481 3429 tempo
490 3357 542 3396 Μ’
556 3359 734 3416 concutitur
744 3360 767 3416 ¹.
785 3358 915 3415 Plurimi
928 3356 1119 3416 iudaeorum
1133 3361 1166 3415 et

276 3454 355 3512 baec
368 3460 400 3512 et
413 3457 570 3527 universa,
586 3456 705 3528 quibus
719 3457 782 3513 ista
800 3456 917 3513 sociata
930 3461 1017 3528 sunt,
1033 3470 1128 3528 super

276 3551 451 3623 Babylonia
464 3553 611 3624 eaptivite
625 3557 657 3610 et
671 3553 867 3610 Hierusalem
885 3551 989 3610 reditu
1003 3552 1064 3611 sub

276 3648 443 3706 Zerobabel
457 3655 489 3707 ot
502 3650 578 3707 Ezra
591 3655 622 3707 et
634 3651 782 3709 Neemian
796 3649 995 3722 intellegunt.

276 3746 412 3803 cantabo
427 3745 539 3804 dilecto
553 3761 625 3804 meo
640 3747 798 3805 canticum
811 3747 964 3818 patruelis
979 3747 1052 3819 mei,

277 3843 388 3901 vineae
415 3858 503 3902 suae.

274 3941 384 3998 Cantat
401 3943 553 4014 propbeta
567 3957 691 4000 carmen
706 3941 908 3999 lamentabile
926 3942 1043 4012 populo
1133 4007 1136 4012 ¹

275 4038 367 4096 israel
382 4039 466 4112 quod
480 4041 645 4110 conposuit
659 4039 722 4109 ille,
739 4038 853 4110 dequo
873 4037 1026 4096 scribtum
1053 4042 1102 4095 est
1127 4037 1161 4094 in
1189 4050 1285 4095 euan-

277 4138 358 4208 gelio
372 4154 379 4192 ε
393 4152 466 4194 cum
479 4141 587 4194 autem
601 4136 734 4193 vidisset
747 4150 826 4208 eam,
841 4136 922 4193 haut
935 4133 1074 4192 dubium

276 4236 354 4307 quin
369 4236 576 4305 Hierusalem,
592 4234 679 4291 flevit
693 4248 789 4305 super
800 4247 870 4291 eam
883 4238 916 4290 et
929 4230 1008 4290 dixit
1022 4250 1028 4289 :
1043 4233 1070 4289 si
1084 4231 1148 4290 boi-

275 4348 325 4391 res
337 4339 369 4390 et
383 4339 418 4389 tu
433 4347 513 4405 quae
526 4330 566 4389 ad
579 4346 688 4403 pacem
701 4337 778 4390 sunt
800 4331 869 4402 tibi,
894 4332 1045 4404 quoniam
1064 4331 1153 4388 veni-

276 4436 331 4489 ent
340 4445 434 4503 super
447 4436 477 4488 te
492 4435 524 4488 et
537 4428 779 4489 circumdabunt
792 4430 850 4488 tibi
864 4430 984 4487 inimici
999 4429 1047 4487 tui
1068 4443 1139 4486 mu⁴

167 4634 193 4684 l.
210 4634 279 4684 Inter
294 4649 385 4684 versus
398 4632 519 4685 additur:
536 4633 609 4685 nullo
623 4632 728 4684 turvine
741 4631 826 4684 ventis
840 4631 1009 4687 subvertitur.
