3082 5386
456 492 464 507 ,
593 437 748 489 -oorsvo
769 432 926 488 saccone.
1343 418 1381 483 83

157 603 430 690 Reifferscheid,
450 606 538 677 Bitt.
557 610 652 677 Patr.
681 609 742 678 tat.
772 608 863 693 icat,
883 609 910 692 Ι,
935 627 970 698 p.
992 605 1148 683 tlt-547,
1178 604 1383 696 praesertim

159 721 335 812 Georgius
355 724 462 793 Goetz
482 723 599 816 (Gap.
619 723 761 815 plassea
783 723 860 809 loa,
881 726 938 807 IV,
965 744 1000 815 p.
1026 720 1175 812 vnvm).
1202 719 1287 793 Inde
1313 741 1384 791 non

160 856 281 927 pauca
292 837 453 928 Angelus
466 839 537 910 Mai
551 847 775 932 excerpserat
784 839 821 910 in
837 840 939 908 Closs.
956 850 1086 908 auctor.
1102 840 1161 923 Vl,
1176 857 1212 928 p.
1224 836 1382 917 ici-551,

164 959 202 1023 ct
231 979 249 1016 a
280 951 391 1024 codex
419 953 592 1025 mirabilis
623 954 750 1027 litteris
779 953 971 1046 grandibus
996 953 1126 1041 saeculi
1153 953 1262 1024 ierme
1288 953 1334 1021 Vl
1366 978 1384 1016 »

163 1089 275 1158 quem
294 1070 420 1141 asserit
438 1090 477 1140 se
495 1068 540 1140 ab
567 1069 666 1141 initio
686 1071 729 1141 ad
748 1070 880 1141 calcem
904 1069 1118 1162 expilavisse
1144 1069 1237 1140 idem
1264 1075 1318 1138 est
1345 1087 1386 1137 ac

167 1186 247 1255 Vat.
270 1183 371 1272 3321,
391 1193 431 1256 ut
448 1185 609 1278 probavit
627 1189 802 1258 Gustavus
821 1190 947 1258 Loewe
967 1186 1171 1276 (Prodrom.‚
1193 1206 1227 1276 p.
1249 1184 1339 1275 115).

215 1305 263 1371 De
283 1307 399 1370 aetate
418 1301 612 1391 scripturae
632 1303 893 1374 assentiendum
920 1302 1060 1372 videtur
1086 1300 1235 1372 Henrico
1253 1299 1383 1369 Jordan

175 1418 330 1509 (Topopr.
358 1414 528 1487 dorstad
549 1424 661 1504 Rom„
681 1421 731 1505 11,
751 1439 786 1510 p.
815 1418 846 1509 3)
864 1425 1026 1488 octavum
1053 1415 1232 1488 saeculum
1257 1435 1385 1506 agnos-

175 1535 274 1605 canti.

630 1839 804 1908 TABVLA
826 1838 934 1906 XLVI

219 2063 391 2131 erasus.
421 2023 654 2131 anianense
681 2060 815 2152 patrae
841 2059 916 2129 aa
945 2059 1004 2129 at.
1035 2058 1136 2143 rona,
1162 2057 1220 2127 ar.
1251 2057 1289 2126 el
1317 2065 1383 2129 v·:

180 2174 334 2264 Origenis
364 2173 510 2243 tomelia
546 2175 583 2244 ia
617 2177 772 2245 Genesim
804 2174 873 2259 2-3,
901 2175 1090 2266 interprete
1124 2172 1248 2243 Rufino
1278 2175 1386 2264 Aqui-

180 2289 295 2361 leiensi
318 2288 462 2381 [iligna
482 2292 576 2359 Patr.
596 2313 726 2382 praec,
746 2293 823 2376 XII,
844 2290 1016 2378 1711711]

420 2464 471 2522 vel
485 2479 540 2536 pro
552 2464 705 2522 brevitate
716 2466 866 2537 temporis
879 2466 930 2522 vel
944 2479 998 2536 pro

421 2561 600 2621 auditorum
614 2563 718 2622 labore
733 2579 797 2621 non
811 2577 993 2635 possumus,

393 2648 668 2734 Omnipotenlsltis
682 2665 788 2719 tamon
802 2661 857 2718 Dei
870 2657 1114 2718 miscricordiam

420 2755 641 2839 depraecemur
652 2758 708 2830 qui
721 2772 781 2815 nos
794 2773 858 2815 non
873 2759 977 2816 solum

419 2852 580 2912 auditores
592 2854 680 2912 verbi
694 2856 745 2913 sui
760 2854 853 2913 iaciat
867 2855 922 2913 sed
936 2861 968 2912 et

420 2949 551 3009 factores
573 2955 605 3008 et
624 2951 755 3011 inducat
773 2967 868 3024 super
885 2958 1008 3010 nostras

419 3062 545 3121 quoquo
560 3050 682 3108 animas
697 3048 855 3109 diluvium
868 3065 968 3123 aquae
983 3065 1059 3108 suae

419 3150 451 3202 et
465 3145 569 3204 deleat
582 3147 616 3203 iu
630 3147 723 3205 nobis
743 3162 825 3220 quae
840 3148 900 3205 soit
913 3162 983 3206 esse
997 3147 1052 3206 do-

411 3243 515 3309 lenda
529 3249 561 3300 et
571 3243 710 3303 vivIficet
724 3260 804 3318 quae
820 3246 880 3303 soit
892 3261 961 3303 osse
976 3246 1055 3303 vivi·

416 3338 551 3417 desuda,
559 3356 614 3414 per
620 3343 744 3399 ihesum
752 3343 904 3402 Christum
913 3343 1080 3400 Domtnom
1086 3348 1229 3401 nostrum

420 3443 454 3495 et
466 3453 522 3510 per
536 3439 681 3511 spiritum
693 3455 790 3498 suum
802 3447 948 3499 sanctum
962 3442 1024 3512 ipsi
1038 3443 1107 3516 glo-

421 3536 468 3593 ria
480 3536 514 3592 in
529 3541 656 3595 aeterna
669 3540 796 3597 saecula
810 3541 1015 3610 sacculorum,
1031 3553 1134 3596 amen.

423 3633 527 3693 FINIT
546 3635 712 3693 HUMILIA
731 3637 904 3695 SECUNDA

422 3732 560 3790 INCIPIT
575 3733 741 3791 HUMILIA
754 3735 893 3792 TERTIA

364 3826 367 3831 ’
420 3828 472 3885 DE
486 3830 626 3888 GIRGUII
640 3832 787 3889 GISIONE

422 3925 530 3984 ABRA
550 3928 642 3988 HAE.

391 4013 551 4097 Quoniam
564 4027 598 4083 in
612 4027 723 4085 multis
736 4026 862 4085 divinae
876 4027 1046 4085 scribturae

425 4122 504 4179 locis
516 4123 614 4181 Deam
627 4125 764 4197 legimus
776 4124 816 4182 ad
827 4126 973 4183 homines
986 4125 1034 4182 lo-

427 4221 483 4292 qui
498 4226 530 4278 et
543 4235 597 4293 pro
609 4221 670 4280 hoc
683 4221 794 4280 Iudaei
809 4222 937 4296 quidem
952 4221 1008 4280 sed
1021 4227 1053 4279 et

426 4322 607 4377 nostrorum
621 4320 767 4377 nonnulli
781 4321 879 4379 Deam
893 4321 984 4395 quasi
997 4320 1053 4377 ho·

228 4508 410 4602 Scriptura
429 4532 470 4583 ea
497 4520 550 4584 est
568 4534 636 4605 qua
662 4512 763 4586 facile
785 4514 822 4585 in
845 4535 997 4586 errorem
1018 4515 1138 4586 induci
1163 4516 1290 4607 possis,
1314 4537 1394 4587 cum

186 4625 337 4716 optimae
360 4625 432 4698 sint
454 4629 584 4700 iormae
603 4632 740 4717 LNPT3
760 4630 878 4720 itaque
896 4631 1114 4702 Benedictini
1134 4633 1255 4724 (Nouo.
1281 4633 1392 4717 truite,

186 4740 243 4828 ΠΙ,
259 4741 337 4830 112,
357 4763 400 4843 n.
416 4743 450 4831 1,
471 4746 554 4835 eto.)
574 4755 715 4818 sextum
733 4746 913 4819 saeculum
929 4746 1079 4821 libenter
1097 4748 1331 4821 admisIssent.
