3392 5560
734 519 885 572 nucleus
906 517 1097 570 summunt.

416 691 455 751 11.
469 691 627 760 Quouono
641 701 724 748 nous
737 700 975 748 nummario
988 701 1134 746 nemun
1147 697 1283 746 coenos-

417 801 523 848 cnrrna
535 801 601 847 nsr.
617 787 764 846 (imarus
780 802 787 843 :
801 784 965 858 Siquidem
980 784 1107 858 quando
1121 783 1216 842 febris
1230 783 1330 842 deter-

416 886 622 944 minationem
636 883 755 941 iactura
768 881 882 954 estqui
896 886 1041 956 aegrotat
1053 881 1092 938 ab
1106 880 1256 939 omnibus

416 981 496 1041 liber
507 981 670 1041 inbenitur
683 979 939 1051 simptomatibus
951 984 983 1036 et
997 980 1081 1037 color
1094 978 1129 1037 in
1143 994 1180 1038 eo
1194 979 1299 1037 honus

417 1080 538 1152 apparit
552 1077 728 1136 secundum
739 1077 954 1135 evacuationis
968 1077 1121 1134 rationem
1136 1081 1168 1134 et
1178 1078 1248 1148 pul·

418 1191 474 1235 sus
487 1176 598 1234 melior
610 1179 642 1233 et
655 1173 761 1231 fortior
773 1173 944 1246 invenitur,
959 1173 1038 1231 haec
1049 1178 1098 1231 est
1111 1174 1194 1232 bona
1203 1172 1260 1232 de-

418 1273 608 1332 terminatio.
626 1270 715 1338 Quod
729 1271 756 1328 si
770 1285 878 1328 eorum
893 1271 1056 1329 minuatur
1063 1271 1166 1329 virtus
1180 1273 1214 1329 in
1229 1277 1300 1330 tan·

418 1375 487 1430 tum
501 1369 624 1428 inutilis
638 1373 687 1427 est
700 1367 917 1426 determinatio
929 1353 963 1424 in
978 1373 1134 1441 quantum
1148 1368 1282 1427 deicitur
1293 1371 1354 1427 vir·

1286 1471 1349 1525 tus,

416 1567 469 1624 111.
485 1565 642 1632 Quouono
655 1575 782 1622 inruet
795 1575 1032 1622 numumtrto
1046 1575 1278 1624 coenosorum
1288 1579 1344 1625 nsr

416 1679 452 1722 nr
465 1674 628 1722 rnnmnus.
643 1659 806 1720 (tammus
819 1675 827 1714 ε
842 1659 972 1727 Quando
986 1661 1084 1744 igitur
1093 1662 1274 1720 increscunt
1284 1668 1316 1722 et
1388 1723 1390 1728 ,

416 1759 608 1820 antecedunt
620 1758 816 1816 accessiones
829 1762 862 1815 et
875 1771 998 1830 semper
1011 1758 1085 1830 plus
1097 1772 1116 1817 a
1129 1760 1248 1818 ratione

416 1873 472 1931 per
484 1855 628 1930 singulos
643 1855 711 1913 dies
726 1854 880 1912 accedunt
891 1859 923 1912 et
937 1869 1006 1913 oras
1021 1860 1052 1913 et
1066 1854 1207 1916 fortiores
1221 1857 1255 1914 ii·

416 1960 477 2014 unt
490 1958 522 2012 et
536 1952 767 2027 quamplurimo
778 1951 813 2009 in
827 1951 961 2010 diatrion
974 1954 1139 2011 venientes
1154 1956 1232 2012 cele·

417 2067 450 2112 re
463 2050 694 2126 aegritudinem
707 2048 913 2107 determinare
927 2048 1096 2122 significat.
1112 2051 1144 2109 Si
1155 2057 1262 2110 autem

418 2151 506 2224 pigre
518 2151 663 2207 movetur
675 2151 707 2204 et
722 2147 857 2218 ipsaora
870 2146 990 2204 accedit
1003 2145 1273 2220 quemadmodum

418 2262 473 2322 per
486 2247 629 2320 singulos
642 2244 709 2302 dies
724 2242 869 2302 accedere
883 2244 963 2301 solet
976 2249 1048 2316 post
1065 2246 1205 2305 multum

418 2353 544 2417 tempus
558 2341 626 2400 fieri
637 2341 930 2400 determinationem
944 2339 1111 2414 significat,
1127 2343 1154 2400 si
1173 2348 1281 2402 autem

417 2444 535 2516 rigores
550 2439 665 2498 habeat
678 2438 793 2496 nimios
807 2439 859 2496 his
871 2440 926 2512 qui
940 2438 1033 2497 febrit
1046 2454 1110 2498 non
1123 2439 1159 2498 tit
1174 2441 1262 2499 solu-

303 2581 307 2596 ,
419 2541 463 2598 tio
476 2544 645 2612 antequam
658 2538 822 2609 mitigetur
835 2537 927 2609 rigor,
943 2535 1004 2594 hoc
1016 2542 1123 2596 autem
1137 2553 1201 2596 non
1216 2552 1281 2596 ces-

419 2643 509 2697 sante
523 2635 708 2708 inpossibile
722 2639 772 2692 est
785 2640 823 2693 ut
834 2639 954 2692 statum
968 2635 1062 2693 iaciat
1076 2636 1241 2709 aegritudo

381 2799 383 2802 ,
420 2736 459 2795 de
473 2749 536 2809 qua
548 2748 582 2791 re
593 2734 695 2806 magis
706 2747 806 2804 neque
819 2732 1061 2792 declinationem
1077 2735 1191 2805 oportit
1204 2749 1336 2807 sperare.

420 2835 488 2892 ΗΠ.
503 2829 900 2890 Dnunm1s1urrien1eus.
916 2831 1080 2890 Gsnmnus
1100 2848 1107 2889 :
1126 2833 1222 2890 Urina
1240 2834 1359 2905 optima
1372 2839 1423 2892 est

421 2943 502 3004 quae
516 2929 603 2988 sanis
617 2927 802 2988 hominibus
816 2928 930 2986 similis
944 2928 1065 3002 apparit
1081 2928 1114 2986 id
1127 2933 1177 2988 est
1190 2929 1301 2988 subro-

1231 3040 1300 3085 vea.

351 3127 389 3185 Ia
402 3123 539 3200 ortamine
554 3139 561 3181 :
576 3124 656 3185 Note
669 3122 806 3182 Vrinam.

362 3404 403 3472 In
422 3400 487 3472 hoc
503 3397 671 3471 Bemensi
689 3396 807 3468 codice
826 3404 1015 3488 supersunt
1034 3399 1075 3469 i8
1095 3397 1188 3482 folia,
1208 3395 1342 3470 scilicet
1359 3397 1531 3490 reliquiae

320 3517 587 3609 quaternionum
604 3515 702 3598 XIX,
721 3515 801 3597 XX,
820 3515 904 3582 XXI
923 3514 1000 3605 ejus
1018 3513 1209 3585 voluminis
1230 3513 1322 3604 qnod
1341 3512 1378 3583 in
1398 3512 1532 3584 Biblio-

321 3630 421 3702 theca
452 3628 565 3723 patria
595 3626 784 3700 Parisiensi
819 3627 885 3696 sub
917 3635 1001 3698 nota
1028 3631 1104 3698 Lat.
1138 3626 1255 3698 10233
1287 3635 1529 3700 conservatur.

320 3745 516 3837 Imaginem
539 3741 620 3813 vide
651 3762 707 3833 ap.
737 3741 905 3826 Molinier,
934 3765 989 3834 op.
1019 3743 1076 3812 cit.
1097 3743 1147 3813 Gi.
1184 3742 1290 3814 etiam
1313 3744 1357 3812 H.
1383 3745 1531 3828 Hsuuu,

321 3865 371 3930 De
403 3857 550 3930 θνὲὂαείἰ
578 3856 727 3928 versione
763 3841 874 3926 lutino
913 3856 1077 3928 Beruensi
1104 3857 1351 3941 commentatio,
1382 3861 1534 3944 Rornae,

323 3975 423 4046 1875.

367 4093 493 4162 Forma
509 4088 606 4161 varia
623 4088 817 4160 litterarum
835 4089 926 4158 ΑΜΤ
945 4088 1071 4161 librum
1086 4097 1236 4162 exeunte
1254 4095 1377 4160 octavo
1395 4089 1536 4162 saeculo

325 4203 493 4296 scriptum
510 4203 657 4297 probare
675 4202 824 4274 videtur.
