3082 5386
657 377 810 427 uttottbts
830 378 1016 427 SCRIPTUM.

496 552 584 617 toria,
598 550 687 607 uuita
702 550 809 619 gioria„
825 550 903 621 quia
915 562 976 607 neo
988 550 1094 619 ipsunt
1107 562 1174 607 orn·

495 650 570 705 nino
586 652 692 719 poeeet
705 662 776 705 esse
790 652 958 713 eertamen,
975 648 1002 701 et
1018 652 1089 717 post
1103 648 1147 705 ia·

494 760 622 803 ruerunt
636 746 883 817 regenerationis
891 746 958 817 jam
973 746 1072 801 sonui
1087 760 1151 803 noo

492 851 623 915 possent
634 850 766 901 mortem
781 842 898 915 perpeti
912 844 1115 913 corporalem.

466 932 550 999 Cum
566 942 707 1013 parruiie
720 946 828 997 autom
842 938 1040 1012 baptizandis
1054 941 1127 1013 quie

497 1054 560 1095 non
575 1036 614 1095 ad
628 1036 738 1095 Christi
755 1038 886 1109 gratiani
900 1042 1061 1109 propterea
1073 1038 1182 1109 potius

495 1142 632 1195 currerat
645 1148 685 1193 ue
699 1149 719 1192 a
731 1150 857 1207 eorpore
871 1136 1090 1193 solverenturt

495 1239 589 1306 atque
606 1234 651 1291 ita
668 1247 731 1290 uon
752 1231 905 1291 invisibili
925 1234 1044 1304 premio
1063 1231 1208 1305 probare-

500 1338 553 1390 tur
566 1329 654 1399 tides,
671 1329 726 1389 sed
737 1330 804 1405 jem
816 1344 875 1389 nee
888 1328 967 1387 tides
981 1336 1076 1401 esset,
1088 1346 1160 1389 oon-

498 1428 604 1487 teetim
618 1430 669 1488 sui
683 1430 787 1500 operis
800 1427 978 1501 quaerendo
990 1434 1023 1486 et
1037 1442 1090 1487 su·

495 1526 611 1585 mendo
626 1526 811 1585 meroedem.
964 1528 1056 1586 Nune
1069 1541 1142 1585 vero

495 1626 614 1698 majore
629 1630 661 1683 et
673 1624 862 1683 mirabiliore
877 1625 977 1695 gratia
990 1626 1094 1683 Salva·

496 1725 571 1781 toris
586 1724 619 1779 in
633 1736 714 1781 usus
726 1722 869 1797 justitiae
882 1724 1000 1793 peceati
1015 1736 1116 1795 poena

496 1825 719 1879 eonvereaeet.
827 1820 1014 1878 Tunoenim
1027 1819 1148 1878 dicium

495 1923 544 1975 eet
558 1917 679 1975 homini
696 1933 704 1974 :
720 1917 862 1975 morieris
876 1918 902 1973 ei
918 1918 1114 1989 peccaverim

498 2030 586 2075 nune
599 2014 716 2074 dieitur
728 2016 858 2087 martpri
875 2032 881 2071 :
897 2028 1016 2074 morere
1029 2030 1070 2073 ne

496 2124 624 2186 peeoes3
640 2120 718 2171 tuno
731 2113 851 2171 dietum
865 2119 935 2171 eet:
951 2114 978 2171 ei
994 2112 1178 2173 mandatum

497 2212 685 2285 transgressi
700 2212 833 2283 fueritis,
849 2218 948 2270 morte
961 2213 1075 2270 morie·

494 2310 595 2381 miui;
611 2324 698 2369 nuno
711 2309 884 2382 dieiimitur
899 2327 906 2367 :
921 2310 949 2367 ei
963 2315 1096 2368 mortem
1109 2323 1197 2367 reou·

496 2408 651 2479 severitis,
666 2406 852 2466 mandatum
868 2406 1071 2480 transgredie-

496 2505 585 2562 mini.
720 2504 810 2572 Quod
825 2511 902 2563 tuno
915 2504 1091 2563 timendum
1105 2504 1171 2563 iue-

494 2606 542 2661 rat
556 2608 592 2660 ut
606 2617 670 2661 non
684 2608 873 2676 pooaaretur,
890 2619 977 2662 nune
990 2604 1088 2662 susei-

261 2806 299 2865 io
321 2807 459 2883 osorpim
483 2808 612 2881 (emonii
633 2810 708 2867 noni
735 2810 843 2881 manu)
871 2825 878 2865 :
904 2806 1159 2881 it[eqoirouium].
1175 2805 1207 2865 Si
1229 2806 1265 2863 in
1289 2806 1466 2881 baptismo

228 2920 313 2965 mors
331 2905 356 2977 ll
371 2921 433 2963 noa
455 2905 717 2979 subsequeretur,
751 2905 943 2977 invi-lisibili
982 2906 1118 2977 proemio
1150 2903 1230 2961 tides
1259 2918 1327 2961 non
1365 2906 1467 2981 pro-ll

229 3004 400 3063 beraretur.

265 3100 509 3175 apparendum]
523 3102 675 3160 morieris.

264 3198 419 3272 [cursoria
433 3200 589 3272 scriptura
602 3200 789 3273 antiquiore)
807 3216 814 3257 :
830 3199 869 3258 de
883 3200 1016 3259 merenti
1028 3200 1060 3271 (ij

274 3484 326 3554 De
343 3481 462 3555 oodioe
480 3482 587 3553 libros
605 3485 749 3555 X1·XV1
769 3483 812 3555 de
830 3482 979 3554 Ciuitate
998 3482 1061 3554 Dei
1079 3483 1280 3554 continente
1297 3494 1463 3575 egerunt
1504 3486 1507 3491 ’

232 3599 275 3669 Α.
297 3597 556 3683 Reifferscheid,
578 3598 737 3669 Bittiott.
758 3602 901 3668 Petrum
919 3599 1053 3684 Italica,
1074 3601 1100 3682 Ι,
1116 3621 1151 3691 p.
1166 3596 1264 3685 8-103
1280 3601 1322 3668 Β.
1342 3601 1461 3673 Dom-

234 3712 313 3785 bart
340 3713 412 3805 (ed.
448 3716 482 3783 2·
508 3714 760 3796 Teubneriana,
791 3716 884 3807 Lips.
920 3716 1018 3806 1877)
1048 3719 1074 3799 1,
1107 3736 1142 3807 p.
1172 3733 1250 3794 viu,
1276 3718 1460 3789 limanuel

234 3829 437 3916 Hoffmann,
464 3831 610 3901 Praeiat.
643 3830 806 3902 editionis
835 3831 1065 3923 supradictae,
1096 3853 1134 3923 p.
1172 3850 1328 3903 vir-vum
1361 3834 1461 3907 Eum

233 3946 386 4039 septimo
410 3945 550 4018 saeculo
573 3943 802 4037 antiquiorem
822 3967 899 4018 esse
915 3949 988 4041 jam
1009 3947 1330 4018 animadverterunt
1348 3950 1461 4021 Dom-

237 4066 316 4135 bart
334 4070 369 4136 et
387 4061 588 4148 Hoffmann,
609 4083 689 4132 cum
721 4061 894 4155 scriptura
913 4062 1070 4135 adhibita
1087 4063 1179 4134 Livii
1205 4060 1341 4134 codices
1358 4067 1460 4138 auti·

238 4178 426 4272 quieeimoe
444 4180 481 4251 in
500 4187 654 4250 mentem
671 4187 850 4269 suggerat.
