3082 5386
576 437 768 486 PRAEFATIO.
1231 441 1278 488 VII

64 635 185 704 eodem
204 634 322 703 ordine
349 634 463 725 posui,
485 637 520 700 at
538 635 566 700 si
584 634 661 724 quis
684 634 743 701 fini
768 634 895 702 saeculi
914 655 934 701 a
959 655 1014 702 me
1033 632 1124 702 dicto
1143 633 1277 703 initium

64 780 237 869 sequentis
264 777 445 868 praeierat,
466 799 534 844 non
562 799 627 864 ego
656 775 781 843 infitias
806 775 875 857 ibo,
903 774 989 842 adeo
1019 779 1072 843 est
1090 774 1202 846 adbuc
1227 778 1278 845 lu·

64 921 159 989 brice
183 922 271 988 inter
292 920 410 988 doctos
435 920 600 1010 quaestio.
624 918 782 985 Attamen
807 917 971 985 nonnulla
990 917 1170 987 observavi
1189 932 1284 1009 quae'

62 1063 206 1133 fortasse
225 1086 293 1131 nou
319 1061 452 1131 inutilia
475 1066 592 1144 erunt,
613 1065 683 1129 tam
708 1060 751 1128 de
774 1060 964 1128 litterarum
986 1058 1148 1129 ductibus
1173 1081 1277 1151 quam

63 1207 107 1274 de
135 1204 236 1273 modo
264 1205 502 1295 quaterniones
532 1201 689 1290 signandi
716 1202 806 1270 eirca
832 1201 936 1269 finem
964 1201 1092 1269 saeculi
1123 1203 1295 1301 septimi,-

63 1371 141 1417 mea
160 1347 502 1438 quidem']sententia,
525 1349 665 1413 mutato.

107 1490 161 1558 Ad
187 1496 331 1559 aetatem
362 1488 515 1557 codicum
545 1485 773 1556 definiendam
796 1507 864 1554 non
890 1486 991 1554 modo
1015 1485 1179 1576 scriptilia
1199 1486 1289 1555 ele-v

63 1637 190 1718 menta,
211 1655 318 1722 genus
338 1630 569 1713 membranae,
585 1631 681 1697 locus
700 1630 788 1716 signi
806 1629 841 1695 in
860 1629 1152 1719 quaternionibus,
1174 1630 1271 1697 utilia

64 1777 253 1861 conlerunt,
283 1775 345 1843 sed
380 1775 481 1842 etiam
518 1771 737 1840 humanitatis
773 1770 925 1858 gradus3
964 1771 1148 1861 septimum
1184 1771 1276 1839 anim

65 1913 241 1982 saeculum
260 1913 437 2002 octavique
455 1932 535 2002 pars
554 1915 649 2002 prior
666 1914 707 1982 iis
720 1913 983 1983 amanuensibus
1001 1914 1275 1982 contaminantur

66 2076 153 2144 quos
180 2055 275 2121 nulla
310 2055 467 2141 eruditio,
496 2055 610 2124 nullus
637 2057 709 2124 lere
736 2056 928 2124 litterarum
953 2055 1064 2124 cultus
1090 2055 1275 2139 imbuerat,

66 2197 193 2287 quibus
221 2197 371 2265 conlusio
400 2198 610 2286 syllabarum
645 2199 701 2267 vel
737 2199 955 2268 commutatio
991 2198 1276 2288 pronuntiationis

66 2362 190 2430 parum
209 2340 421 2430 displicebat.
445 2339 501 2409 Sic
518 2340 668 2410 latinitas
690 2342 726 2408 in
754 2341 826 2410 dies
855 2343 1055 2410 decrescens
1085 2338 1277 2409 subsidium

67 2482 160 2550 haud
180 2483 464 2551 contemnendum
482 2483 777 2575 palaeographicis
797 2483 917 2554 studiis
933 2483 1099 2572 suggerit.

112 2625 234 2693 Omnia
252 2626 407 2716 exempla
425 2648 502 2694 mea
524 2648 543 2693 e
563 2625 737 2694 codicibus
755 2626 838 2717 ipsis
865 2645 1025 2717 expressa
1043 2629 1131 2710 sunt,
1153 2622 1275 2693 arohe-

66 2768 140 2858 typi
157 2768 391 2855 magnitudine
411 2773 567 2836 accurate
584 2773 733 2852 servata;
753 2769 789 2836 in
812 2791 880 2859 quo
900 2768 1047 2836 maxima
1073 2765 1272 2850 difficultas,

67 2932 145 2979 oum
159 2909 319 2999 artifices,
334 2910 604 3001 photographica
618 2915 690 2979 arte
705 2909 843 2995 utendo,
861 2910 984 2998 majori
998 2910 1053 2979 vel
1066 2910 1189 2978 minori
1204 2907 1277 2977 elfi-

66 3052 206 3121 ciendae
230 3053 371 3141 imagini
395 3053 502 3121 lacile·
521 3053 753 3140 indulgeant¹;
773 3053 867 3143 quod
889 3057 1005 3121 tamen
1036 3051 1176 3121 maximi
1203 3072 1276 3119 1no-

65 3197 171 3263 menti
186 3195 380 3284 judicemus
397 3197 600 3286 praesertim
617 3197 652 3262 in
672 3197 714 3262 iis
734 3193 867 3283 jamdiu
885 3194 1012 3265 mutilis
1032 3195 1088 3264 vel
1107 3194 1271 3285 dispersis

65 3339 162 3407 libris
177 3362 322 3430 quorum
336 3361 416 3430 pars
432 3339 498 3409 afia
511 3340 547 3407 in
561 3340 759 3428 regionibus
775 3340 969 3430 longinquis
985 3337 1131 3408 inveniri
1145 3343 1274 3430 potest.

109 3482 195 3552 Cum
214 3488 327 3552 autem
346 3483 470 3551 tabulis
489 3484 694 3574 heliotypica
712 3488 785 3552 arte
805 3483 973 3575 expressis
992 3482 1110 3552 charta
1127 3483 1278 3571 levigata

63 3629 119 3696 vel
137 3647 293 3712 corusca,
315 3649 335 3694 a
353 3628 491 3714 triginta
513 3627 609 3695 annis
627 3631 808 3718 usurpata,
828 3646 933 3714 grave
952 3626 1142 3717 periculum
1162 3627 1274 3694 mine·

63 3776 130 3857 tur,
152 3773 249 3862 quia,
270 3771 298 3838 si
324 3771 485 3840 chemicis
508 3769 711 3838 doctissimis
739 3768 824 3836 fides
852 3767 1063 3854 adhibenda,
1084 3768 1273 3837 timendum

64 3916 182 3979 estne
207 3933 286 3980 cum
310 3912 441 4000 glutino
469 3912 606 3980 chartae
633 3912 752 4000 imago.
772 3916 907 4002 pereat,
938 3914 1101 3980 Batavam
1123 3910 1276 3979 chartam

64 4054 241 4141 elegimus.
261 4053 379 4144 ltaque
398 4054 531 4122 tabulas
554 4053 684 4124 tamdiu
707 4059 839 4123 nostras
863 4054 1028 4146 quamdiu
1047 4060 1160 4124 cetera
1178 4060 1277 4146 typo·
1334 4124 1336 4130 ,

62 4196 227 4287 graphiae
246 4203 466 4266 monumenta
484 4196 664 4267 duraturas
685 4195 898 4266 confidimus.
919 4195 1011 4264 Inter
1030 4217 1115 4287 quas
1135 4197 1164 4263 si
1183 4217 1271 4286 quae

62 4338 229 4426 nigriores
248 4340 506 4413 obscurioresve
520 4340 738 4424 videbuntur,
760 4361 828 4407 non
848 4338 1117 4408 obliviscendum
1137 4343 1189 4407 est
1210 4339 1277 4406 ori-

93 4588 115 4637 l.
131 4591 220 4654 Imago
236 4587 360 4654 Cypriani
377 4548 512 4642 Bobiensis
528 4589 590 4654 (tab.
603 4589 716 4653 1v‚20)‚
736 4602 777 4638 me
795 4585 889 4652 invito,
907 4585 987 4652 paulo
1005 4585 1091 4638 minor
1104 4585 1201 4650 erasit,
1217 4600 1277 4638 cum

61 4669 179 4733 singulae
194 4668 291 4720 codicis
305 4668 440 4721 columnae
454 4668 487 4722 ad
500 4667 624 4730 ΟΛἿΒΜ
639 4668 708 4722 altae
720 4666 780 4719 sint.
