3082 5386
544 431 673 479 ooravo
694 429 852 479 saecuto.
1249 407 1305 472 447

138 602 177 669 In
196 601 298 670 unico
316 600 434 689 Optati
453 599 532 670 lolio
546 607 689 691 apparet
707 620 831 669 manus
850 598 995 680 ineerta,
1016 615 1106 686 quae
1129 593 1309 687 exemplar

69 717 277 808 antiquum
292 715 436 786 reddere
446 736 517 784 non
535 715 696 786 callebat.
708 714 885 785 Tirunculi
896 712 1061 784 videntur
1070 711 1206 782 litterae
1220 731 1254 795 a,
1269 733 1307 794 6,

67 839 110 898 t.
139 835 280 902 Praeter
297 851 401 902 voces
419 830 496 915 Dei,
516 833 598 915 Deo,
619 829 717 900 nulla
735 829 941 920 compendia
966 834 1163 898 occurrunt.
1183 828 1308 896 Utrum

67 948 242 1039 septimo
256 969 301 1019 an
312 955 434 1018 octavo
449 944 673 1017 tribuendum
683 947 729 1016 sit
743 946 778 1016 id
797 947 1030 1036 fragmentum
1045 941 1188 1014 difficile
1199 942 1306 1014 dictu.

469 1302 672 1371 ranvnan
704 1283 936 1371 uuir-ron

138 1550 341 1621 usuratu.
368 1545 603 1618 Bibliothecae
622 1545 774 1617 civitatis
794 1545 904 1616 codex
922 1545 987 1615 470
1008 1544 1104 1635 (olim
1123 1544 1216 1634 441),
1236 1544 1303 1613 161.

88 1664 159 1735 tlt
180 1687 188 1735 :
210 1664 392 1755 Philippus
411 1661 607 1754 presbyter,
631 1660 898 1734 Commentarius
918 1659 955 1728 ia
972 1663 1067 1729 Jod..

132 1860 210 1918 mibi
225 1873 280 1932 pro
294 1859 387 1916 bonis
400 1859 556 1916 virtutum
571 1858 785 1916 retribuerunt
798 1857 839 1916 ad
853 1862 1058 1929 conspectum

132 1973 236 2016 meum
249 1963 385 2014 ventura
399 1961 475 2014 sunt
486 1961 523 2014 ut
535 1955 665 2014 reddam
679 1956 853 2028 unicuique
868 1954 1048 2014 secundum
1063 1967 1135 2028 ope-

132 2071 164 2114 ra
177 2071 246 2114 sua.
318 2054 553 2113 Praestulabarl
571 2055 676 2111 lucem
690 2058 722 2111 et
734 2057 906 2125 eruperunt
917 2053 1064 2111 tenebrae
1120 2043 1122 2045 ’

132 2153 234 2210 lucem
248 2148 349 2228 me[ee]
363 2151 436 2210 fidei
447 2157 479 2209 64
493 2157 671 2210 sauctorum
685 2166 815 2223 operum
829 2151 1044 2224 praestulabar
1057 2157 1089 2209 et
1102 2151 1153 2209 in-

134 2249 292 2308 fidelitatis
307 2264 416 2307 eorum
430 2264 466 2308 66
477 2250 627 2307 vitiorum
642 2249 787 2306 tenebrae
801 2250 1052 2321 praevaluerunt.

132 2347 281 2405 Interiora
294 2361 366 2405 mea
378 2346 593 2405 efferbuerunt
606 2347 725 2419 absque
740 2348 807 2405 ulla
819 2347 937 2420 requie,
955 2347 1021 2404 sive
1035 2345 1117 2419 quod

133 2444 234 2503 dolore
246 2449 336 2502 actus
348 2445 540 2517 intrinsecus
554 2446 681 2503 animus
696 2444 766 2518 eius
780 2443 995 2503 sollicitudine
1009 2449 1041 2501 et

133 2543 288 2600 anxietate
303 2541 475 2614 ferlbluerit
489 2556 584 2613 super
597 2557 704 2601 eorum
718 2541 902 2614 perditione,
919 2542 1003 2600 sicut
1016 2541 1079 2599 ait:

133 2641 217 2698 zelus
232 2638 346 2698 domus
360 2645 434 2698 tuae
449 2639 586 2698 eomedit
600 2655 660 2712 me,
677 2640 744 2698 eive
758 2645 925 2713 postquam
939 2639 1074 2697 verbum
1087 2653 1134 2699 ca·

132 2752 163 2795 ro
172 2737 348 2797 factumest
357 2741 477 2797 etDcue
490 2738 670 2809 habitabit²,
684 2739 718 2796 in
728 2738 856 2796 homine
865 2738 961 2795 Jbesu
970 2737 1128 2796 salvatore
1142 2738 1308 2814 no[stro]⁸;

131 2835 278 2894 interiora
290 2836 361 2910 ejus
375 2836 467 2894 idest
481 2837 605 2895 animae
619 2835 707 2893 illius
721 2839 828 2893 motus
839 2835 908 2893 sine
924 2836 1099 2893 cessatione

130 2932 236 2992 divino
249 2935 323 3007 igne
337 2934 518 3006 fervebant;
535 2932 620 3007 quod
634 2931 749 2989 aorem*
763 2932 884 2990 dictum
898 2937 947 2990 est
961 2932 1096 3005 absque'·
1108 2934 1175 2993 ulla
1199 2984 1206 3004 ,

130 3033 246 3105 requie,
262 3033 307 3089 ita
319 3038 368 3090 est
381 3038 418 3090 ut
431 3033 508 3090 alibi
522 3050 529 3089 :
545 3037 577 3089 et
591 3033 733 3104 requiem
747 3045 811 3088 non
826 3029 986 3088 habehant
1000 3030 1051 3088 die
1065 3036 1097 3087 et

130 3133 219 3186 nocte
229 3128 370 3187 dicentes
380 3131 519 3202 Sanctus,
531 3136 668 3201 sauctus,
680 3127 976 3200 sanctusDominus,
992 3127 1190 3202 quodantem
1201 3130 1278 3190 dicit
1289 3133 1416 3194 interio-

131 3241 163 3284 ra
176 3241 256 3299 mea‚
271 3227 401 3299 proinde
417 3230 579 3300 apostolus
595 3226 633 3284 de
646 3226 757 3284 eodem
770 3224 903 3284 Domino
917 3226 962 3283 ait
977 3241 984 3282 ε
999 3227 1037 3283 14
1050 3215 1113 3299 quo
1130 3234 1206 3286 sunt

132 3338 239 3382 omnes
255 3326 395 3383 thesauri
410 3327 582 3398 sapientiae
597 3332 629 3383 et
643 3322 793 3383 scientiae
805 3322 1001 3396 abscondit13
1017 3321 1122 3384 deeset

103 3439 114 3470 α
130 3423 269 3480 44664646
283 3422 467 3481 incedebam
482 3425 550 3481 sine
565 3423 678 3495 lurore,
694 3421 911 3494 consurg[ens]
927 3421 961 3479 in
976 3421 1255 3498 tubrclamassram]

131 3520 175 3578 446
186 3525 218 3577 64
232 3521 265 3576 in
280 3521 445 3593 euangelio
460 3522 613 3592 scriptum
628 3525 695 3578 est:
710 3526 743 3577 et
756 3519 960 3578 contristatus
974 3525 1024 3578 est
1036 3520 1147 3580 thaeus
1161 3525 1272 3595 super⁸

132 3616 247 3675 duritia
261 3617 363 3675 cordis
377 3633 495 3685 eorum,
511 3617 637 3691 quando
651 3619 720 3675 siue
734 3618 841 3690 aliquo
855 3617 962 3690 utique
975 3619 1098 3676 446644-

136 3714 206 3772 diae
221 3715 336 3773 sorore⁰
349 3721 425 3788 erat,
441 3716 589 3790 quoniam
604 3715 718 3774 donare
732 3721 822 3789 etque
836 3713 1003 3774 concedere
1016 3721 1146 3788 peccata

128 3908 151 3961 l.
166 3908 252 3958 ilicet
263 3925 288 3960 v.
304 3923 359 3974 seq.
376 3924 445 3962 6644.
461 3909 663 3961 Praestolabor.

127 3979 152 4030 2.
167 3980 242 4031 Gerr.
258 3979 400 4030 habitavit.

127 4049 260 4100 arroso
272 4048 446 4113 cumliueola,
460 4051 530 4117 quod
544 4049 696 4111 sufficiebat,
711 4055 844 4101 664466464
857 4065 948 4101 vocem
961 4051 1091 4118 integram
1104 4053 1232 4120 reposuit.

127 4121 150 4170 4.
166 4120 354 4184 Compendium
368 4119 513 4185 scripturae
536 4121 769 4186 anglo-saxonicae
792 4121 955 4173 notissimum
976 4133 1108 4176 corrector
1128 4125 1311 4192 4616444664-

96 4189 304 4256 junctionemque
318 4191 437 4240 eamdem
452 4191 647 4257 suprascripsit.

127 4262 291 4381 ptNotemus
305 4262 462 4313 correctoris
484 4262 627 4328 libidinem,
641 4277 690 4328 pro
704 4263 796 4315 litteris
811 4279 862 4331 que
879 4267 1026 4333 peponentis
1044 4282 1134 4334 qcum
1154 4267 1308 4335 compendio

100 4347 127 4382 eo
139 4349 146 4381 r
160 4347 183 4382 6.

127 4402 150 4452 6.
173 4401 220 4484 Sic
237 4409 376 4465 corrector,
394 4402 493 4456 inserto
513 4405 540 4466 d,
555 4405 654 4457 monuit
674 4406 797 4457 lectorem
814 4408 846 4458 de
865 4408 961 4459 lacuna
974 4424 1053 4476 quam
1071 4411 1100 4462 in
1119 4409 1238 4477 margine
1256 4411 1308 4464 imo

98 4479 241 4524 resarcivit.
290 4487 291 4491 ’

127 4543 150 4593 7.
166 4543 243 4594 Prius
258 4545 349 4596 tumba
365 4545 434 4596 unde
448 4550 579 4597 corrector
594 4547 676 4598 turba
687 4546 781 4599 effecit.

128 4622 151 4671 8.
164 4622 318 4689 Quanquam
332 4624 389 4675 voci
401 4639 486 4690 super
498 4641 572 4677 more
585 4627 800 4692 anglo-saxonico
814 4630 926 4695 scriptae
939 4631 1003 4682 nihil
1017 4632 1119 4698 deerat,
1137 4640 1272 4686 corrector·
1286 4639 1311 4684 64

96 4716 116 4751 u
130 4702 313 4768 superscripsit
326 4711 352 4754 et
368 4706 479 4756 caudam
492 4707 595 4757 litterae
608 4723 627 4770 p
642 4707 756 4771 trajecit.

127 4781 153 4832 9.
171 4781 246 4834 Gerr.
261 4784 369 4846 surore.
