3392 5560
581 495 718 546 srrrrrto
739 495 893 546 sarcum.
1073 523 1077 530 -
1287 479 1345 544 153

14 671 15 746 t
133 664 190 724 tati
202 663 279 724 lide.
291 664 442 725 Nocentis
452 669 660 738 estquaerere
674 664 839 724 boninum
855 670 888 724 et
901 663 978 724 dum
991 663 1252 738 pac-unitentiae
1266 669 1345 722 tem-

14 747 15 776 *
130 767 263 834 puscet,
280 762 421 820 invenire
442 761 545 836 adque
559 763 704 822 invocare
718 777 792 822 eum
817 762 894 822 dum
917 777 1011 836 prope
1025 767 1084 834 est,
1100 763 1163 822 nisi
1177 763 1345 834 reliqueret

14 865 16 936 ᾗ
130 859 248 930 impius
257 860 431 933 viaseua-il
441 861 614 931 spristinas
632 869 665 918 et
679 863 884 934 cogitationes
894 861 1040 933 antiquas
1052 860 1170 933 quibus
1187 860 1343 918 aDomino

14 1001 15 1032 p
131 957 353 1016 declinaverat.
380 960 468 1016 Tunc
488 958 573 1016 enim
600 960 785 1017 revertimur
807 958 847 1016 ad
869 957 1036 1016 Dominum
1054 957 1136 1031 quill
1150 955 1345 1015 miseribitur

129 1055 238 1126 nostri,
267 1059 299 1112 et
326 1054 367 1112 ad
393 1056 677 1113 clementissimum
703 1061 823 1129 patrem
844 1056 899 1128 qui
919 1056 1042 1112 multus
1066 1060 1114 1111 est
1134 1052 1343 1112 misericordis

14 1223 15 1228 γ
130 1157 159 1209 et
173 1151 276 1210 facilis
290 1151 331 1210 ad
344 1153 510 1226 ignoscen-
520 1153 537 1224 ΙΙ
547 1152 624 1212 dum
637 1167 711 1212 eum
725 1155 931 1228 cogitationes
944 1159 976 1209 et
995 1153 1063 1210 vias
1088 1153 1238 1224 pristinas
1252 1152 1345 1209 relin-

129 1251 294 1322 querimus
306 1253 345 1306 ut
361 1255 470 1322 postea
483 1265 659 1309 mereamur
672 1250 779 1310 audire
795 1268 802 1309 ε
823 1251 907 1309 beati
918 1251 1079 1323 liquorum
1094 1251 1244 1309 remissae
1268 1256 1345 1308 sunt

129 1347 314 1420 iniquitates
337 1352 369 1404 et
389 1362 524 1421 quorum
547 1354 629 1408 tecta
650 1354 727 1407 sunt
752 1354 888 1422 peccata.
908 1350 977 1409 Non
1000 1348 1085 1406 enim
1104 1349 1309 1422 cogitationes
1319 1348 1336 1420 ΙΙ

129 1458 216 1504 meae
229 1449 269 1504 ut
286 1446 492 1520 cogitationes
511 1451 643 1518 vestrae,
658 1461 761 1519 neque
784 1447 854 1504 viae
867 1451 989 1504 vestrae
1002 1450 1040 1505 ut
1058 1447 1129 1505 viae
1149 1460 1248 1518 meae,
1262 1445 1347 1504 dicet

128 1543 288 1600 Dominus.
305 1544 392 1603 Sicut
405 1545 581 1604 enimexal·
591 1544 608 1616 ΙΙ
619 1548 726 1601 tantur
740 1543 846 1602 caelia
865 1548 945 1602 terra
961 1544 1007 1602 sic
1021 1544 1174 1601 exaltatae
1191 1548 1267 1600 sunt
1276 1543 1346 1600 viae

129 1653 216 1696 meae
241 1655 261 1698 a
286 1641 348 1699 viis
370 1642 484 1699 vestris
506 1646 539 1698 et
564 1641 768 1715 cogitationes
791 1641 935 1712 mesella
955 1639 1198 1714 cogitationibus
1220 1640 1344 1697 vestris.

129 1737 221 1794 LXX.
229 1739 337 1811 Neque
351 1739 437 1796 enim
454 1743 530 1797 sunt
547 1739 752 1811 cogitationes
768 1753 858 1797 meae
868 1739 951 1797 sicut
961 1738 1165 1810 cogitationes
1175 1741 1260 1794 vestr
1271 1736 1285 1808 ΙΙ
1296 1751 1342 1809 ae,
1373 1805 1375 1810 Ι

131 1847 189 1892 nec
203 1834 288 1893 sicut
300 1836 370 1894 viae
384 1851 483 1908 meae,
498 1837 568 1895 viae
582 1841 704 1895 vestrae
713 1847 722 1906 ;
732 1835 790 1894 sed
803 1841 959 1909 quantum
974 1835 1071 1894 distat
1084 1836 1207 1894 caelum
1222 1849 1242 1892 a
1254 1840 1344 1906 terra,

133 1936 257 1990 tantum
271 1931 369 1992 distat
378 1933 395 2005 ΙΙ
404 1935 456 1991 via
469 1949 540 1991 mea
553 1949 572 1992 a
585 1934 647 1992 viis
661 1935 783 2005 vestris,
800 1938 832 1992 et
845 1933 1051 2006 cogitationes
1064 1938 1185 1990 vestrae
1197 1947 1216 1989 a
1228 1933 1346 2006 cogita-

133 2029 217 2087 tione
231 2044 315 2088 mea.
333 2031 378 2090 Ne
391 2031 521 2103 putetis,
538 2028 660 2105 inquid,
672 2029 825 2102 lldiiiicile
847 2045 917 2088 esse
939 2029 1023 2102 quod
1047 2029 1185 2102 spondeo
1200 2037 1231 2087 et
1253 2029 1345 2086 vobis

134 2126 316 2184 incredibile
330 2128 476 2186 videatur
483 2129 619 2200 impium
632 2133 666 2186 et
674 2129 823 2201 iniquum
836 2141 929 2201 posse
943 2127 1118 2186 salvarivel
1127 2142 1184 2199 po·
1200 2128 1216 2200 ΙΙ
1232 2129 1346 2199 pulum

133 2223 322 2283 iudaeorum
338 2226 391 2283 vel
408 2227 587 2300 omnesqui
604 2226 638 2284 in
670 2226 821 2299 gentibue
840 2225 1026 2284 nesciebant
1045 2225 1154 2297 Deum,
1168 2225 1229 2283 hoc
1243 2226 1346 2297 consi-

134 2320 237 2379 derate
251 2321 336 2396 quod
353 2323 456 2381 multa
467 2323 550 2381 inter
568 2323 686 2395 nne-ua
711 2328 878 2396 vestraque
901 2323 1032 2381 consilia
1055 2322 1097 2380 sit
1109 2321 1293 2394 differentia,
1310 2327 1343 2380 et

136 2424 253 2490 quanta
284 2424 416 2478 naturae
451 2423 541 2478 tanta
569 2420 743 2478 voluntatis
765 2418 941 2478 diversitas.
961 2419 1078 2478 Multae
1088 2419 1200 2492 neuim
1227 2419 1344 2492 cogita-

136 2516 236 2574 tiones
249 2517 284 2574 in
298 2515 389 2575 corde
402 2518 472 2588 viri,
482 2517 651 2576 consilium
670 2521 777 2576 autem
795 2517 917 2574 Domini
929 2517 963 2576 in
982 2515 1211 2587 sempiternum
1224 2521 1342 2574 manet.

134 2612 195 2670 Vos
217 2619 255 2671 ut
285 2614 432 2672 homines
454 2628 528 2687 sepe
551 2615 567 2687 ΙΙ
590 2615 719 2686 promisi
747 2615 886 2686 paenitet
914 2620 947 2672 et
977 2619 1114 2672 veterem
1147 2614 1344 2673 voluntatem

133 2712 255 2769 novella
283 2712 446 2770 voluntate
475 2711 669 2770 subvertitis.
697 2712 846 2769 Dominus
868 2712 953 2769 enim
989 2709 1122 2784 dissipat
1149 2725 1221 2770 eon·
1237 2711 1254 2783 ΙΙ
1273 2711 1345 2768 silia

132 2809 274 2879 gentium
290 2815 322 2867 et
333 2810 477 2881 reprobat
493 2809 699 2882 cogitationes
711 2810 897 2880 populorum
913 2813 946 2866 et
958 2809 1061 2866 irritas
1078 2808 1152 2866 iacit
1170 2809 1343 2866 voluntatis

131 2906 318 2979 principum.
342 2907 429 2980 Cogi·
439 2907 455 2978 ΙΙ
466 2908 600 2965 tationes
614 2912 721 2965 autem
742 2906 843 2964 cordis
866 2907 936 2980 ejus
950 2921 970 2964 a
987 2906 1187 2979 generatione
1200 2907 1236 2964 in
1250 2919 1344 2979 gene·

130 3004 292 3076 rationem,
303 3009 336 3062 et
357 3003 513 3077 quidquid
532 3004 712 3076 decreverit,
733 3017 798 3062 non
815 3003 943 3076 potasti}
953 3004 1130 3062 immutare.
1145 3004 1250 3062 Vultis
1264 3004 1342 3062 scire

131 3098 344 3159 diversitatem
364 3103 428 3160 mei
454 3103 614 3176 vestrique
636 3102 784 3161 consiliii
803 3102 964 3169 Quantum
986 3101 1109 3160 caelum
1129 3100 1190 3158 loci
1209 3097 1343 3158 distata

131 3197 213 3270 ter-ii
223 3213 258 3255 ra
271 3205 303 3256 et
320 3199 402 3257 aliut
418 3201 603 3272 angelorum
623 3199 702 3258 aliut
722 3200 888 3258 hominum
904 3198 1123 3257 babitaculum
1137 3201 1196 3269 est,
1216 3201 1341 3254 tantum

130 3307 218 3352 meae
233 3295 438 3369 cogitationes
452 3297 596 3356 avestri's
606 3296 622 3368 ΙΙ
632 3297 773 3356 consiliis
797 3301 991 3369 separantur.
1007 3298 1052 3354 De
1070 3296 1150 3354 meis
1165 3295 1250 3354 enim
1260 3294 1343 3366 cogi·
1366 3353 1367 3358 ,

129 3392 304 3451 talionibus
334 3392 449 3452 dicitur
470 3411 477 3451 :
501 3393 723 3453 inscrutabilia
748 3393 869 3466 iudicia
889 3393 959 3468 eius
986 3398 1019 3452 et
1042 3393 1172 3452 investi·
1189 3392 1202 3464 ΙΙ
1220 3391 1341 3465 gabiles

127 3489 197 3547 viae
218 3490 317 3548 illius.
347 3492 439 3548 Porro
468 3490 507 3550 de
538 3491 651 3548 vestris
680 3507 688 3548 ε
716 3491 937 3563 cogitaverunt
966 3491 1135 3549 consilium
1162 3489 1248 3562 quod
1274 3502 1339 3546 non

128 3592 301 3660 potuerunt
311 3588 459 3646 stabilire.
472 3588 537 3660 liEt
545 3588 579 3646 in
586 3587 647 3646 alio
656 3588 723 3646 loco
742 3604 749 3644 :
770 3586 996 3661 Quodcumque
1019 3587 1153 3646 inieritis
1171 3587 1339 3644 consilium

128 3684 345 3757 dissipabitur,
360 3691 392 3742 et
414 3684 571 3758 quidquid
583 3685 681 3743 locuti
695 3684 827 3756 fueritis,
843 3698 907 3742 non
921 3698 987 3757 per-
996 3684 1012 3756 ΙΙ
1022 3682 1164 3746 manebit
1183 3683 1217 3743 in
1230 3683 1334 3742 vobis.

126 3783 296 3854 Perspicua
318 3783 572 3854 interpretatione
603 3796 667 3840 non
696 3781 850 3854 indigent,
872 3780 987 3840 idcirco
1014 3781 1212 3854 stringuntur
1233 3781 1339 3852 potius

128 3893 223 3950 qrram
237 3879 255 3952 ΙΙ
269 3878 476 3938 disseruntur.
492 3879 531 3936 Et
557 3878 713 3953 quomodo
729 3877 885 3938 discendit
899 3878 999 3938 imber
1020 3884 1052 3936 et
1065 3879 1121 3936 nix
1136 3878 1175 3936 de
1198 3879 1283 3936 caelo
1308 3883 1340 3935 et

127 3975 204 4035 illuc
218 3978 303 4034 ultra
316 3991 380 4035 non
393 3971 568 4048 revertitur,
580 3976 596 4048 ΙΙ
606 3975 663 4036 sed
675 3975 810 4036 inebriat
824 3982 935 4036 terram
949 3980 982 4034 et
994 3974 1134 4034 iniundit
1148 3989 1218 4034 eam
1232 3979 1264 4032 et
1273 3989 1340 4048 ger·

127 4073 248 4131 minare
261 4087 331 4131 eam
345 4072 473 4145 latitet
494 4072 548 4132 dat
566 4087 675 4132 semen
694 4074 810 4132 serenti
828 4077 861 4130 et
873 4087 987 4144 panem
997 4072 1014 4146 ΙΙ
1024 4070 1209 4151 comedenti,
1221 4072 1267 4129 sie
1279 4073 1339 4128 erit

127 4171 261 4229 verbum
283 4185 392 4228 meum
414 4169 499 4242 quod
516 4169 694 4243 egredietur
711 4169 750 4228 de
772 4185 824 4230 ore
844 4184 925 4240 meo,
946 4183 1011 4230 non
1030 4168 1196 4227 revertitur
1218 4168 1258 4228 ad
1287 4183 1338 4226 me

126 4281 265 4327 vacuum
286 4266 342 4325 sed
360 4266 498 4339 iet-liciet
520 4282 735 4341 quaecumque
756 4268 844 4326 volui
864 4273 896 4325 et
919 4266 1152 4340 prosperabitur
1173 4266 1208 4324 in
1232 4266 1283 4324 his
1298 4265 1339 4323 ad

128 4379 188 4436 que
212 4365 287 4422 misi
300 4364 392 4424 illud.
411 4366 503 4424 LXX.
529 4363 689 4431 Quomodo
714 4366 743 4424 si
766 4364 829 4424 die-
842 4366 858 4436 ΙΙ
877 4364 989 4424 tendat
1014 4365 1124 4438 pluvia
1143 4369 1200 4422 aut
1221 4364 1277 4421 nix
1299 4362 1338 4420 de

128 4463 224 4534 caelo,
240 4467 271 4520 et
285 4477 349 4520 non
369 4466 544 4520 revertatur
556 4461 655 4521 donec
675 4462 810 4521 inebriet
832 4467 944 4520 terrem
957 4468 991 4520 et
1011 4467 1140 4536 generet
1153 4461 1339 4534 etfloriatnr

128 4564 159 4616 et
171 4559 226 4616 det
248 4573 357 4617 semen
380 4560 550 4620 seminanti
563 4564 596 4617 et
616 4573 731 4631 panem
755 4558 794 4619 ad
818 4558 1057 4630 comedendum,
1073 4560 1119 4617 sic
1133 4559 1192 4618 erit
1205 4559 1337 4616 verbum

127 4671 235 4715 meum
245 4656 329 4729 quod
339 4657 355 4728 ΙΙ
365 4657 476 4714 exierit
489 4656 528 4716 de
541 4658 672 4728 crimen,
692 4671 757 4715 non
776 4662 950 4716 revertatur
965 4657 1065 4716 donec
1084 4657 1239 4729 compleat
1257 4671 1338 4729 quae

129 4754 216 4813 volui
233 4759 267 4811 et
288 4768 453 4827 prosperas
472 4753 585 4814 fatiam
594 4753 610 4826 ΙΙ
620 4755 688 4814 vias
709 4759 781 4816 tuas
803 4759 836 4812 et
856 4758 1022 4828 praecepta
1042 4768 1122 4816 mea.
1143 4753 1285 4813 Pendent
1298 4769 1337 4812 ex

218 4849 481 4917 cummuniter.
1214 4850 1242 4901 tl
