3082 5386
534 409 638 460 uuxro
659 409 815 461 umento.
1241 395 1282 459 35

77 579 156 651 1888
175 600 256 672 sqq.
272 578 334 671 4⁶).
354 580 400 650 At
417 578 563 652 dubium
581 579 793 674 permittitur
810 586 927 650 utrum
946 579 992 650 sit
1008 579 1067 652 ille
1077 579 1187 653 codex
1196 587 1234 651 u‘
1246 579 1279 665 8,

76 715 193 783 necue,
215 715 298 767 cum
315 694 458 789 quidam
474 702 599 788 putent
616 697 852 789 fragmentum
871 695 1082 768 Taurinense
1099 696 1137 767 in
1156 697 1283 768 inteu-

77 810 158 882 turio
191 811 390 904 supradicto
421 812 599 904 designari
631 813 687 904 (cs.
720 811 786 880 Old
812 809 901 880 latia
933 811 1073 882 biblica!
1106 826 1208 899 teate,
1235 815 1279 896 ll,

81 948 110 1019 p.
129 947 190 998 vrn
209 928 313 1019 sqq).

119 1041 218 1125 Quod
235 1040 280 1113 ad
298 1047 447 1114 aetatem
465 1041 657 1132 scripturae
675 1044 811 1125 attinet,
831 1043 971 1134 Bugati,
991 1043 1153 1113 Memor-ie
1178 1043 1215 1111 ati
1235 1045 1275 1114 S.

85 1158 180 1245 celso,
201 1179 237 1251 p.
258 1157 313 1243 90,
334 1157 465 1230 saeculi
483 1157 577 1231 sexti
595 1177 672 1229 esse
690 1159 861 1251 probavit.

527 1461 702 1532 TABVLA
724 1462 835 1532 XVIII

122 1658 159 1726 l‘
181 1661 351 1729 Perclsus.
383 1655 620 1729 Bibliothecae
644 1656 776 1747 patriae
803 1655 877 1726 cod.
905 1654 1114 1740 11111326,
1142 1656 1199 1727 lul.
1227 1656 1283 1767 3¹:

88 1773 236 1865 Prosperi
254 1773 511 1866 ept'qrammata,
532 1774 548 1841 1
565 1795 617 1863 sq.
643 1772 783 1862 [Migue
804 1773 859 1856 LI,
879 1770 944 1842 198
963 1771 1046 1863 sq.].

214 1949 327 2022 Incipit
337 1949 486 2023 praelatio
500 1948 572 2009 libri
585 1949 882 2023 epigrammatorum
896 1950 996 2008 sancti
1005 1951 1155 2023 Prosperi.

266 2049 351 2106 Dum
365 2049 461 2106 sacris
473 2052 614 2105 mentem
627 2047 731 2119 placet
746 2059 887 2105 exercere
900 2047 1035 2120 loquelis

319 2146 507 2219 caelestique
521 2146 664 2203 animum
678 2158 804 2217 pascere
816 2159 897 2217 pane
908 2147 1009 2220 juvat,

268 2241 423 2316 quosdam
435 2256 494 2300 ceu
508 2247 595 2314 prato
607 2241 702 2300 libuit
715 2241 878 2314 decerpere
892 2241 982 2300 flores

320 2340 538 2414 distinctisque
551 2341 637 2413 ipsos
650 2345 753 2398 texere
766 2341 931 2400 versiculis

267 2443 305 2496 ut
318 2439 457 2511 proprias
472 2443 619 2497 canerent
632 2438 857 2512 epigrammata
870 2439 999 2512 singula
1012 2452 1124 2497 causas

319 2540 352 2592 et
365 2549 438 2607 pars
452 2549 596 2608 quaeque
610 2548 669 2593 suo
683 2541 869 2608 congrueret
882 2536 986 2608 titulo,

270 2645 329 2689 nec
342 2637 467 2690 nostrae
481 2632 541 2690 hcc
554 2633 623 2705 opis
637 2637 686 2690 est
699 2632 756 2690 sed
774 2632 813 2690 ab
827 2633 882 2691 illo
897 2634 1034 2691 sumitur
1047 2633 1100 2692 hic
1113 2647 1164 2692 ros

318 2731 374 2803 qui
390 2732 506 2789 siccam
520 2744 631 2803 rupem
649 2729 780 2789 tundere
792 2731 890 2804 jussit
903 2745 1015 2803 aquas.

265 2833 304 2885 ut
318 2827 403 2900 quod
416 2829 451 2886 in
465 2826 613 2887 affectum
628 2827 729 2885 cordis
743 2829 859 2900 pietate
872 2828 1023 2900 magistra

320 2925 441 2982 venerit
454 2924 515 2982 hcc
527 2930 650 2997 promat
664 2925 801 2983 carmine
812 2926 895 2982 laeta
907 2923 996 2983 fides.

214 3023 242 3081 I.
506 3035 852 3081 nuvuunmuccmrrm

214 3120 401 3178 innocentia
413 3120 487 3177 vera
500 3125 550 3177 est
562 3134 644 3192 quae
658 3134 717 3177 nec
730 3119 792 3177 sibi
810 3134 869 3177 nec
882 3120 970 3177 alteri
984 3125 1085 3192 nocet,

218 3217 368 3290 quoniam
379 3218 436 3291 qui
449 3217 554 3290 diligit
569 3218 770 3290 iniquitatem
784 3216 851 3274 odit
861 3218 1000 3275 animam
1014 3231 1104 3275 suam

212 3319 245 3371 et
256 3328 349 3372 nemo
363 3329 429 3372 non
442 3315 529 3387 prius
543 3315 577 3370 in
590 3329 624 3371 se
636 3328 732 3386 quam
744 3315 778 3371 in
792 3316 924 3371 alterum
937 3320 1053 3386 peccat.

434 3474 437 3482 ,
580 3425 772 3470 euremarus

264 3509 400 3567 Perfecte
413 3509 517 3567 bonus
535 3514 586 3566 est
599 3514 631 3565 et
644 3523 714 3566 vere
729 3507 844 3567 dicitur
857 3509 967 3566 insons

319 3621 380 3665 nec
394 3606 456 3664 sihi
469 3622 528 3664 nec
540 3607 688 3679 culquam
703 3605 788 3678 quod
801 3611 912 3664 noceat
927 3606 1053 3664 faciens.

263 3705 342 3764 Nam
361 3705 554 3778 quicumque
568 3705 666 3762 alium
680 3705 808 3761 molitur
823 3702 944 3761 laedere

316 3803 454 3874 primum
465 3803 572 3874 ipsum
586 3816 620 3859 se
631 3802 736 3875 jaculo
750 3802 904 3873 percutiet
916 3803 1048 3874 proprie,

264 3905 383 3957 etcum
398 3898 475 3956 forte
489 3900 632 3957 animum
647 3914 711 3956 nun
725 3900 767 3957 sit
781 3907 927 3957 secutura
940 3898 1073 3957 facultas

318 4010 382 4053 non
397 3995 533 4054 dubium
547 3997 580 4053 in
595 3995 696 4055 cordis
710 3997 829 4054 viscere
841 3997 960 4054 vulnus
978 3996 1074 4054 habet

263 4108 323 4152 uec
337 4093 419 4168 fugit
432 4093 556 4152 iniectis
575 4094 684 4151 celeris
698 4109 788 4152 mens
802 4109 897 4166 prava
910 4099 1031 4151 reatum

316 4192 369 4249 cui
383 4191 480 4249 nimis
494 4191 554 4248 hoc
568 4191 672 4249 solum
686 4190 771 4265 quod
784 4193 886 4250 voluit
898 4192 1015 4250 nocuit.

210 4289 250 4346 11.
450 4304 493 4347 nu
507 4302 685 4348 nommsvs
701 4303 895 4348 nmennnrs

211 4385 263 4446 Sic
276 4384 430 4459 diligendi
444 4391 521 4444 sunt
534 4386 679 4445 homines
693 4391 851 4444 uteorum
865 4401 929 4444 non
948 4386 1120 4460 diligantur

210 4498 328 4541 errores
341 4485 417 4556 quia
428 4483 516 4541 aliud
529 4489 578 4542 est
591 4498 695 4542 amare
709 4483 794 4557 quod
808 4483 880 4543 facti
890 4489 967 4541 sunt

210 4579 299 4640 aliud
311 4579 415 4639 odisse
430 4579 515 4654 quod
528 4581 657 4640 iaciunt.
721 4632 726 4639 .

571 4692 773 4739 ueteranus.
