3082 5386
538 1017 740 1106 ottltttlt
771 1019 999 1108 slttttttttl

201 1680 331 1750 Octavo
370 1675 508 1747 saeculo
551 1676 763 1768 appendices
807 1696 980 1767 supernae
1023 1675 1206 1747 hastarum
1243 1678 1281 1748 in
1317 1682 1378 1748 HL

158 1800 333 1878 crescunt,
354 1796 381 1861 L
399 1793 437 1863 in
455 1791 603 1863 caudam
622 1791 844 1865 manifestam
863 1792 1071 1884 plerumque
1086 1792 1229 1880 desinit,
1244 1796 1274 1864 R
1294 1794 1379 1865 adeo

158 1928 274 1979 crasso
305 1916 428 1980 ventre
456 1906 615 2000 superbit
642 1915 683 1978 ut
710 1909 741 1978 is
769 1907 848 2000 plus
880 1928 987 2000 quam
1026 1908 1207 1979 dimidiam
1239 1909 1380 1982 hastam

158 2032 315 2116 occupet,
343 2023 480 2094 litterae
508 2027 541 2092 M
567 2023 659 2114 prior
685 2023 806 2093 lunula
833 2043 939 2115 saepe
965 2023 1152 2109 clauditur,
1178 2024 1381 2095 lunularum

154 2142 319 2234 junctura
345 2159 417 2208 non
443 2157 521 2209 raro
554 2138 655 2230 quasi
682 2139 720 2208 in
746 2138 825 2209 basi
853 2137 1030 2230 superflua
1061 2139 1262 2232 requiescit,
1299 2161 1381 2211 crus

159 2254 339 2347 obliquum
366 2238 502 2325 litterae
530 2255 694 2345 Nneque
720 2261 824 2346 caput
851 2253 976 2345 prioris
998 2275 1114 2347 neque
1138 2255 1265 2347 pedem
1283 2255 1379 2328 tertii

160 2371 303 2462 attingit
320 2370 370 2440 ita
386 2377 426 2439 ut
440 2371 550 2440 forma
564 2389 688 2462 parum
701 2368 744 2440 ab
756 2371 789 2439 H
803 2369 945 2462 capitali
959 2370 1209 2462 distinguatur,
1222 2373 1249 2440 T
1265 2372 1381 2462 capite

159 2487 400 2558 sinistrorsum
425 2507 467 2557 ac
493 2484 716 2556 dextrorsum
743 2485 910 2556 inclinato
939 2493 1094 2571 ornatur,
1120 2486 1191 2557 nisi
1218 2487 1378 2558 semiun-

161 2602 286 2674 cialem
304 2601 361 2674 vel
380 2600 613 2672 minusculam
633 2603 781 2672 sormam
800 2601 973 2672 admittat.

206 2718 486 2808 Quaternionum
507 2717 632 2788 ultima
656 2717 785 2809 pagina
811 2717 848 2788 in
871 2717 988 2789 media
1006 2724 1107 2809 parte
1126 2716 1189 2788 imi
1207 2718 1381 2810 marginis

162 2843 316 2906 notatur.

209 2955 374 3022 Attamen
400 2959 478 3043 post
505 2957 644 3022 renatas
672 2949 737 3020 suh
765 2950 885 3020 Carolo
914 2971 1043 3041 magno
1067 2948 1204 3022 litteras
1229 2949 1380 3020 imitatio

165 3066 419 3159 exemplarium
459 3066 680 3157 antiquorum
719 3065 924 3137 mirabiliter
964 3065 1135 3137 successit
1177 3087 1217 3136 ac
1256 3065 1382 3135 talium

164 3183 331 3256 vitiorum
357 3202 484 3274 expers
511 3181 634 3252 evasit.
666 3179 750 3251 Inde
778 3188 828 3250 tot
854 3201 988 3252 errores
1012 3181 1051 3251 in
1075 3188 1191 3253 aetate
1220 3180 1383 3253 codicum

166 3294 402 3373 existimanda
419 3298 530 3370 critici
549 3296 759 3369 recentiores
777 3296 1008 3368 admiserunt.

638 3618 815 3689 TABVLA
839 3617 918 3686 xtl

215 3854 248 3922 l⁰
268 3855 488 3923 Mnnronsur.
513 3849 748 3919 Bibliothecae
765 3844 1139 3922 Ambrosianaecodex
1158 3849 1197 3916 F.
1218 3845 1259 3916 84
1281 3868 1386 3939 sup,

172 3968 228 4038 lol.
256 3968 299 4038 88
322 3976 357 4036 v⁰
387 3984 395 4034 :
425 3965 521 4034 Vitae
543 3968 702 4048 Potrum,
731 3962 793 4032 lib.
817 3964 856 4047 V,
884 3961 1000 4032 Verba
1027 3960 1224 4047 Seniorum,
1252 3982 1282 4031 e.
1307 3962 1383 4049 ll‚l

80 4138 81 4141 κ
175 4084 316 4176 [iligna
336 4084 491 4166 nxxrn,
513 4080 605 4169 alst

367 4373 399 4425 et
413 4381 483 4424 ecce
497 4366 579 4423 vinit
596 4373 616 4437 ¹,
631 4335 730 4422 belua
740 4378 835 4436 super
850 4365 966 4435 ipsum.

350 4456 409 4523 Ille
423 4469 527 4522 autem
540 4462 716 4521 secundum
730 4462 862 4519 verbum
875 4476 967 4519 senes
981 4461 1068 4532 inpe-

207 4573 230 4622 1.
246 4569 296 4621 Hic
312 4577 337 4620 et
353 4586 401 4635 per
418 4577 500 4621 totam
520 4567 644 4634 paginam
664 4583 757 4618 manus
778 4567 908 4632 posterior
929 4562 1042 4617 correxit
1057 4565 1068 4614 ι’
1081 4572 1107 4615 st
1120 4579 1134 4615 e
1147 4563 1245 4630 injuria
1268 4581 1284 4617 a
1299 4565 1392 4631 priore

177 4652 261 4704 scriba
273 4649 383 4714 scriptos
396 4658 422 4702 st
432 4651 501 4701 infra
516 4649 608 4701 baboso
621 4663 669 4713 pro
684 4647 785 4700 bavose.
