3082 5386
245 350 285 415 m
670 370 822 419 userius
842 371 1034 421 sensuum.

256 518 331 589 Jarn
345 530 634 591 tibiaurodistinc·
882 524 1335 609 ilocrnanatcultujugtiter

282 640 314 691 ta
325 633 485 706 laquearia
498 637 530 688 et
544 646 629 703 prac-
918 631 1034 703 vir-ido,
1049 634 1166 691 bonore
1178 631 1278 705 iulie-

281 730 354 789 ttcsi
367 731 530 788 marmoris
543 729 617 787 eris·
916 745 982 803 gro,
997 729 1162 802 splendore
1176 728 1326 802 diu[tun-

281 829 323 887 tis
338 829 454 886 vestita
467 825 628 884 domicilia
919 843 968 897 nc,
985 828 1101 886 aboleri
1114 842 1178 884 non
1192 825 1323 899 penest

284 925 457 983 sordebunt
471 940 544 981 cum
558 926 616 983 sci·
754 936 760 949 ¹
919 940 977 983 nec
990 925 1144 997 extingrrb
1160 924 1286 997 potes[t

283 1025 345 1081 eris
361 1024 403 1095 te]
417 1024 560 1081 exculen·
919 1030 1042 1081 tantum
1058 1024 1090 1078 in
1106 1022 1223 1079 melius
1237 1019 1327 1093 cler·

281 1120 359 1179 dum
373 1121 487 1193 magis]
506 1128 534 1177 te
549 1122 655 1192 potius
917 1135 990 1193 pore
1004 1118 1154 1177 redeunte
1167 1117 1329 1189 iorlmari.

279 1216 623 1289 amandun1],domum
882 1210 969 1277 llaec
982 1220 1108 1277 interim
1121 1214 1303 1287 breuibus,

280 1315 338 1374 tibi
353 1315 445 1388 hane]
459 1330 528 1371 esse
543 1315 693 1385 potiorem
916 1319 1037 1377 Donate
1051 1317 1230 1385 adesim&

280 1427 377 1487 quam
391 1412 547 1470 Dominus
563 1410 691 1483 iancdit
704 1415 812 1484 templi
918 1432 991 1474 nam
1004 1422 1036 1473 et
1049 1414 1173 1473 facilem
1185 1408 1291 1483 botni-

279 1511 358 1584 vice]
375 1512 407 1568 in
421 1526 484 1583 quo
498 1512 628 1583 spiritus
642 1517 770 1568 sanctus
919 1522 1013 1572 tatem
1028 1512 1212 1586 patientiam

280 1609 395 1681 eoelpit
410 1608 577 1675 habitam
917 1619 1055 1670 mentem
1072 1611 1215 1668 iuncum
1230 1608 1395 1683 solimam

279 1709 451 1779 pingamus
467 1707 549 1765 hanc
563 1706 692 1764 domum
918 1710 1011 1768 tidem
1030 1717 1116 1767 tuam
1131 1706 1263 1778 salutie-

278 1806 453 1878 pigmeutis
466 1807 614 1863 innocen·
673 1876 677 1883 Ι
918 1809 960 1865 ris
974 1806 1104 1865 auditus
1118 1804 1268 1876 oblcc[tat

287 2064 448 2135 Codicem
460 2064 721 2157 pretiosissimis
731 2064 937 2157 fragmentis
949 2066 1113 2135 refertum
1127 2064 1316 2158 descripsit
1323 2070 1480 2143 Samuel

243 2181 387 2264 Brandt,
408 2182 601 2273 Sitcunqsb.
617 2182 651 2250 cl.
672 2181 809 2251 Metriclt.
831 2181 956 2265 atad,
979 2190 1002 2251 t.
1025 2181 1217 2266 ux,1886,
1239 2204 1272 2274 p.
1298 2183 1368 2255 167
1391 2208 1476 2280 sqq.

286 2297 421 2366 Folium
449 2298 616 2390 Cypriani
649 2298 792 2367 unicum
826 2319 866 2367 ac
897 2297 1061 2367 mutilum
1092 2296 1185 2389 quod
1210 2318 1230 2368 e
1255 2304 1477 2389 tegumento

242 2412 428 2504 cujusdam
456 2412 551 2499 libri,
577 2419 614 2482 ut
639 2413 784 2504 reliqua,
815 2412 907 2483 dom.
936 2413 1063 2483 Chazal
1091 2413 1245 2504 collegit,
1269 2413 1308 2483 in
1341 2416 1475 2489 schola

241 2529 363 2600 eedem
402 2537 507 2620 atque
544 2529 755 2618 praecedens
791 2530 902 2600 codex
939 2531 1109 2620 scriptum
1142 2529 1293 2599 videtur.
1327 2535 1474 2606 Puncta

240 2645 365 2717 circini
381 2645 419 2715 in
437 2646 703 2716 intercolumnio
721 2645 763 2715 ad
778 2667 902 2717 versus
917 2646 1118 2737 dirigendus
1141 2644 1250 2716 infixe
1274 2659 1471 2740 apparent,

240 2769 276 2833 et
303 2762 371 2833 nisi
402 2762 588 2833 abversus
618 2763 871 2846 invenirentur,
898 2784 979 2833 cum
1004 2763 1200 2853 fragmenta
1227 2762 1472 2838 Ambrosiana

241 2878 541 2969 'laurinensiaquc
561 2877 603 2948 23
623 2877 789 2964 habeant,
809 2899 855 2948 ex
874 2878 996 2949 codem
1015 2878 1133 2949 codice
1152 2878 1273 2947 lolium
1296 2880 1471 2953 Aurelia-

240 3014 351 3065 nense
365 3001 516 3063 tractum
535 2995 753 3086 conjicerem.
775 2993 963 3063 Dissimilis
977 2993 1117 3085 quidem
1132 2995 1243 3063 forma
1260 2994 1469 3069 litterarum

242 3112 269 3179 B
289 3117 324 3180 et
343 3111 384 3195 R,
406 3117 443 3179 at
461 3108 578 3201 plures
597 3109 729 3180 scribes
747 3130 851 3202 saepe
866 3111 927 3179 uni
943 3108 1053 3178 codici
1070 3108 1223 3180 laborem
1242 3110 1470 3201 impendisse

240 3224 390 3312 scimus3
420 3234 601 3317 praeterea
629 3247 796 3298 numerus
815 3247 982 3297 versuum
1000 3227 1037 3296 iu
1056 3247 1126 3297 uno
1155 3226 1272 3297 codice
1292 3246 1364 3296 non
1381 3248 1470 3300 raro

240 3341 367 3413 variat.
380 3340 555 3432 Quidquid
568 3343 606 3412 id
620 3352 686 3428 est,
699 3342 934 3434 antiquissimi
949 3342 1077 3412 codicis
1090 3343 1254 3433 reliquias
1271 3340 1467 3418 hahemus.

242 3457 556 3527 Animadversione
583 3457 691 3547 digne
707 3459 799 3529 linea
818 3480 924 3550 supra
946 3479 1069 3529 vocem
1087 3463 1156 3526 Deo
1178 3458 1214 3549 (l.
1237 3457 1282 3548 3),
1302 3457 1407 3529 velut
1427 3462 1469 3534 in

239 3572 522 3645 vercellensibus
541 3572 744 3665 Euangeliis
764 3582 798 3644 et
817 3573 956 3645 schedis
976 3573 1220 3660 Fuldensbus,
1240 3573 1415 3666 apposita.

284 3806 562 3878 2⁰Auusc1au1.
596 3805 763 3898 Ejusdem
796 3806 924 3877 codicis
955 3806 1016 3877 iol.
1052 3805 1093 3877 38
1126 3821 1164 3876 νο
1195 3823 1203 3874 :
1234 3805 1468 3894 Augustinus

238 3922 427 3992 Enarrabo
447 3921 483 3990 in
501 3922 676 3992 Psalmum
686 3925 728 4007 V,
750 3922 769 3990 7
792 3925 829 4013 [ι.
845 3925 903 4010 IV,
920 3943 954 4014 p.
972 3922 1014 3993 25
1028 3922 1110 3994 edit.
1124 3943 1180 4012 ap.
1197 3924 1328 3993 Gaumc
1339 3921 1465 4013 datae,

246 4038 358 4123 Puris,
381 4038 495 4128 tuabi.

381 4233 549 4310 quod]est;
565 4237 592 4294 si
611 4236 697 4294 enim
711 4237 772 4294 hoc
785 4235 900 4295 dieitur
914 4236 999 4310 quod
1013 4239 1071 4306 est,

383 4348 494 4391 verum
510 4334 654 4407 diciltur;
669 4335 697 4392 si
712 4340 819 4392 autem
832 4335 893 4393 hoc
906 4336 1022 4394 dicitur
1035 4333 1120 4407 quod

382 4446 446 4491 uon
461 4437 520 4502 est,
533 4431 745 4506 melndacium
760 4436 818 4489 est.
834 4431 918 4504 Ideo,
933 4433 1048 4504 inquit,
1062 4430 1172 4504 perdes

381 4543 492 4587 omnes
507 4530 563 4601 qui
578 4530 763 4602 loqluuntur
780 4528 991 4602 mendacium,
1008 4529 1083 4602 quia
1095 4528 1243 4588 receden-

383 4633 431 4685 tes
445 4626 485 4685 εὶ)
499 4642 536 4685 εο
548 4626 645 4701 qulod
659 4633 707 4685 est
721 4627 808 4686 adid
822 4627 907 4700 quod
921 4642 984 4685 uon
999 4632 1048 4685 est
1061 4625 1223 4686 declinan-
