3082 5386
126 290 299 366 adgravati,

34 388 113 446 sed
126 391 212 448 sicut
223 389 329 446 solent
343 386 432 445 cade-

124 502 157 545 re
171 501 277 545 coram
291 484 367 543 filiis
382 485 441 542 ini-

125 586 258 658 quitatis
273 585 443 642 conruisti¹

32 684 348 756 congeminansque

125 781 229 838 omnis
243 780 384 851 populus

125 879 212 936 flevit
226 892 323 948 super
336 891 411 935 eum

32 972 196 1048 Cumque
211 977 354 1032 venisset

127 1075 277 1131 universa
288 1071 461 1129 multitudo

126 1171 235 1228 cibum
249 1185 359 1242 capere
373 1169 462 1227 cum*

125 1267 239 1341 David,
256 1270 340 1326 clara
353 1267 460 1326 adhuc

127 1364 178 1422 die
189 1367 310 1440 juravit
323 1363 425 1422 David

129 1452 240 1520 dicens
256 1480 263 1520 :

49 1556 139 1620 haec
152 1561 247 1618 iaciat
260 1561 339 1617 mihi
353 1560 434 1617 Deos

131 1664 163 1715 et
176 1659 257 1716 haec
271 1657 376 1731 addat,

49 1756 86 1811 si
100 1760 173 1812 ante
187 1769 335 1814 oceasum
350 1756 426 1813 solie

130 1859 301 1925 gustavero
316 1868 430 1926 panem

131 1951 183 2007 vel
198 1949 288 2007 aliud
302 1951 481 2023 quicquam.

58 2049 228 2120 omnisque
242 2050 380 2119 populus

130 2144 255 2202 audivit
270 2151 303 2203 et
315 2147 439 2218 placue-

129 2249 207 2300 runt
220 2244 267 2301 eis
282 2251 397 2302 cuncta

130 2354 213 2413 quae
227 2340 301 2398 iecit
315 2357 369 2399 rex

130 2438 164 2493 in
176 2444 349 2510 conspectu

130 2536 230 2593 totius
244 2537 365 2608 populi'

63 2637 94 2688 et
106 2633 255 2704 cognovit
268 2647 360 2690 omne

126 2729 248 2802 vulgus
259 2735 291 2786 et
304 2730 476 2790 universus

130 2827 239 2899 [lsrael
252 2828 286 2884 in
300 2826 352 2884 die
366 2827 431 2906 illa]

502 118 644 168 sumno
664 118 821 168 stmulo.

763 287 804 346 ad
817 300 925 345 servos
938 299 1014 344 suos
1030 302 1037 342 :

692 401 771 444 num
785 386 938 459 ignoratis
952 384 1102 457 quoniam

762 485 908 556 princeps
919 489 952 540 et
966 482 1063 539 maxi·

764 596 838 640 mus
851 580 965 639 cecidit
976 579 1071 637 hodie

764 681 797 735 in
811 678 941 750 Israhel,

694 792 752 849 ego
767 783 874 834 autem
888 775 995 834 adbuc
1008 774 1087 833 deli-

765 881 854 932 catus
868 881 900 932 et
914 880 1032 932 unctus
1045 879 1116 930 rex⁸

693 979 726 1030 et
740 974 815 1045 quia
826 971 921 1030 bodie
935 973 1082 1044 cognitus

765 1076 797 1127 et
811 1071 1006 1128 constitutus

766 1169 826 1226 sub
840 1183 913 1242 rege
928 1167 994 1239 iui;

613 1255 616 1262 ’
695 1282 784 1339 porro
798 1269 857 1324 viri
872 1267 925 1323 isti
939 1264 1020 1338 fll[i]i
1035 1265 1102 1321 Sar-

765 1366 835 1422 viae
849 1363 920 1421 duri
934 1363 1014 1419 mihi
1029 1366 1106 1418 sunt

697 1477 784 1519 nunc
797 1462 950 1518 retribuat
962 1459 1113 1516 Dominus

767 1560 893 1618 facienti
906 1559 1027 1615 malum

764 1659 857 1732 Juxta
871 1658 1026 1717 malitiam
1036 1670 1135 1715 suam.

697 1757 821 1815 audivit
835 1763 942 1814 autem
957 1755 1044 1813 illius

768 1856 842 1913 Saul
854 1854 939 1928 qnod
953 1850 1141 1922 cecidissem

769 1953 878 2010 Abner
891 1955 925 2010 in
940 1952 1076 2022 Hebron,

700 2057 732 2106 et
747 2050 920 2109 dissolutae
935 2054 1012 2107 sunt

769 2163 886 2206 manus
902 2149 973 2222 ejus

699 2247 868 2318 omnisque
881 2247 1000 2304 Israhel

768 2345 971 2416 perturbatus
986 2350 1034 2402 est

697 2442 761 2501 duo
775 2441 896 2516 autelm
910 2442 1025 2513 viri...]

99 3005 229 3076 Decem
247 3003 329 3073 solia
348 3005 391 3075 ad
410 3004 532 3077 Libros
552 3010 688 3099 Regum
707 3009 919 3101 pertinentia
937 3013 1070 3077 restant
1096 3005 1139 3076 de
1158 3005 1275 3076 codice

58 3117 190 3189 Bibliae
209 3138 273 3210 per
291 3119 368 3190 cola
383 3129 420 3191 et
439 3130 612 3193 commata
631 3125 794 3216 scriptae,
816 3125 915 3216 cujus
936 3122 977 3192 32
1001 3142 1124 3194 versus
1147 3121 1275 3212 pagina

58 3254 217 3326 quaeque
237 3235 448 3307 continebat.

99 3351 414 3425 Animadversione
441 3352 587 3444 dignum
612 3352 670 3424 hic
690 3354 741 3443 (ut
755 3356 829 3446 J'am
856 3353 928 3424 tab.
959 3351 1271 3441 XXXIV-XXXV)

59 3467 303 3560 compendium
322 3467 458 3539 litterae
476 3468 566 3539 Min
589 3467 660 3542 fine
688 3491 855 3542 versuum
884 3469 1012 3540 lineola
1037 3489 1117 3540 oum
1144 3474 1272 3559 puncto

59 3582 262 3675 subjacente
281 3583 485 3675 significari,
506 3594 675 3679 tanquam
690 3587 728 3655 in
747 3584 999 3678 antiquissimis
1018 3582 1208 3655 codicibus

102 3751 137 3819 2⁰
154 3752 372 3824 Abutimur.
391 3753 625 3826 Bibliothecae
644 3755 797 3826 civitatis
819 3753 894 3826 cod.
911 3753 973 3824 lot
993 3752 1096 3844 (lta),
1117 3750 1175 3820 iol.
1197 3749 1239 3820 30
1261 3765 1269 3818 :

59 3866 461 3961 Pseudo-Hieronymo,
476 3870 632 3962 Epistola
650 3871 681 3957 3,
703 3870 751 3940 ad
767 3869 968 3941 Marcellam
986 3880 1025 3937 ut
1039 3867 1178 3936 adversa
1192 3864 1241 3934 tol
1260 3905 1273 3919 -

58 3994 107 4050 ret
127 3982 268 4074 [iligna
283 3988 398 4069 XXX,
415 3985 456 4055 53
476 3987 583 4077 acl:

88 4169 109 4218 l.
124 4168 205 4221 corr.
223 4171 360 4223 commisti.

86 4247 110 4301 2.
125 4248 239 4300 Videtur
253 4251 337 4300 scriba
351 4263 444 4315 capere
457 4264 516 4299 eum
530 4253 682 4314 exaravisse,
696 4251 791 4304 littoris
807 4267 847 4303 oe
862 4250 973 4302 invicem
986 4248 1102 4303 mutatis.

87 4326 111 4380 3.
127 4328 199 4386 Quae
214 4336 356 4394 sequuntur
371 4343 378 4379 z
395 4347 409 4375 e
423 4335 449 4378 et
462 4329 523 4394 quia
599 4330 635 4382 lui
654 4348 695 4382 »e
710 4348 803 4398 graeco
819 4331 984 4398 septuaginta
998 4331 1168 4396 interpretum
1185 4336 1270 4380 tracta

62 4413 136 4470 sunt3
151 4407 189 4458 sie
202 4408 275 4458 varia
287 4407 363 4458 lectio
376 4409 490 4473 pelusia
504 4411 621 4476 margine
635 4412 720 4478 posita
736 4412 764 4462 in
777 4420 875 4464 textum
886 4410 1035 4462 introducta
1044 4416 1091 4465 est.

148 4487 291 4551 mamam,
307 4487 409 4542 Uneial.
427 4524 430 4529 ⁴

1160 4493 1176 4543 5
1221 4450 1224 4456 .
