3082 5386
244 399 302 468 tte
625 379 858 462 emortuus
880 409 1066 462 sommum.

288 580 454 674 Ejusdem
471 577 610 670 generis
623 577 731 649 fuisse
744 577 884 650 videtur
897 580 1069 672 scriptura
1082 580 1178 650 Libri
1190 581 1450 674 Prophetarum,

243 716 306 789 per
330 698 404 767 oola
427 703 463 767 et
485 701 657 766 commata
679 696 825 781 exarati,
845 702 948 788 atque
967 697 1138 788 scriptura
1162 696 1293 768 eodieie
1319 717 1452 790 praeeo

243 811 370 883 dentis.

286 1031 554 1104 Munatium.
575 1027 810 1100 Bibliothecae
837 1028 989 1101 civitatis
1016 1029 1126 1102 codex
1148 1029 1213 1102 tet
1235 1030 1343 1121 (nuno
1361 1031 1446 1122 192),

242 1147 299 1218 toi.
320 1145 361 1217 tt
373 1154 408 1216 ν’
430 1163 438 1215 :
459 1146 678 1235 Augustinus
698 1144 822 1213 Contra
840 1142 926 1212 duas
943 1145 1102 1235 epistolas
1118 1145 1400 1238 Pelopianorum,
1420 1149 1444 1230 I,

252 1279 303 1346 rx,
325 1261 385 1349 163
404 1279 442 1346 x,
464 1260 506 1330 17
527 1259 593 1351 [ed.
615 1261 760 1347 Gaume,
776 1262 822 1345 X,
843 1259 1013 1350 808-8091.

577 1458 684 1513 autem
699 1452 847 1512 mandato
861 1461 1026 1527 peecatum

576 1552 699 1623 revixit,
715 1550 793 1624 quid
807 1552 850 1610 sit
863 1551 950 1609 aliud
961 1567 1056 1625 quam

577 1650 724 1721 emtuuit,
739 1655 771 1707 et
784 1650 948 1721 apparuitt
961 1665 1020 1709 neo

578 1753 684 1805 tamen
698 1746 743 1804 ait
754 1747 843 1820 vixit,
857 1746 914 1805 sed
927 1748 1050 1806 revixit.

577 1846 705 1902 vixerat
718 1845 803 1902 enim
818 1844 988 1918 anquando
1002 1846 1036 1903 iu

579 1940 723 2015 paradiso
737 1939 864 2014 quaudo
875 1947 985 2000 eontra

580 2039 690 2099 datum
699 2043 902 2111 praeseptum
916 2040 994 2099 satis

581 2136 751 2210 apparebat
764 2137 970 2210 ammissum

575 2236 693 2308 quum¹
707 2237 815 2292 autem
829 2233 1066 2294 enascentibus

579 2331 715 2390 trabitur
728 2338 890 2405 tamquam
903 2346 985 2390 mor·

578 2431 671 2486 tuum
685 2428 729 2484 sit
741 2429 827 2498 latet,
843 2427 942 2487 donee
956 2443 1072 2503 repug-

496 2523 500 2535 '
577 2525 678 2582 nane⁸
689 2525 832 2598 justitiae
846 2526 968 2584 malum
981 2525 1053 2599 ejus

578 2621 787 2695 prohibitione
801 2623 969 2695 sentiatur;

577 2734 678 2793 quum
692 2718 780 2778 aliud
789 2719 921 2793 jubetur
933 2727 1029 2795 atque

582 2816 774 2889 approbatur
787 2816 874 2876 aliud
887 2816 989 2899 deleo-

580 2917 646 2973 tat⁸
662 2919 757 2988 atque
771 2914 959 2984 dominatur,
976 2922 1054 2975 tune

577 3017 742 3084 peecatum
756 3011 987 3085 quodammodo

578 3109 612 3167 in
626 3109 739 3167 nodtia
753 3110 819 3168 nati
833 3109 974 3169 bominis

583 3206 760 3278 revivescit,
775 3206 860 3280 quod
872 3207 907 3264 in
920 3208 1035 3266 notitIa

581 3304 719 3376 primum
733 3303 807 3362 taoti
820 3304 959 3362 hominis
973 3306 1031 3363 ali-

581 3399 709 3473 quando
719 3401 786 3474 jam
799 3402 930 3474 vixerat,
946 3401 1003 3460 sed

582 3497 668 3571 quod
681 3500 826 3571 sequitur
839 3514 903 3558 non
917 3501 962 3560 ita
975 3516 1027 3559 ex-

579 3595 723 3667 peditum
736 3602 786 3655 est
799 3597 955 3671 quomodo
969 3596 1008 3656 de

282 3766 319 3823 in
332 3764 485 3838 margine,
501 3763 615 3821 titteris
629 3763 789 3822 inclinatis
809 3779 868 3825 neo
889 3766 997 3826 minus
1011 3766 1152 3840 audeatis
1173 3781 1270 3840 quam
1288 3767 1427 3842 reliquae
1450 3784 1456 3824 ι

245 3861 390 3936 quomodo
398 3865 555 3936 patrumm
568 3860 679 3918 roomo
693 3860 725 3918 id
736 3866 779 3920 est
791 3863 944 3937 apperuit.

292 4097 383 4166 Nota
397 4092 567 4184 marginis
579 4093 765 4186 superioris
777 4118 787 4164 ι
801 4095 1032 4164 Commeatum
1040 4115 1139 4186 super
1148 4093 1250 4162 la‘dros
1264 4092 1461 4165 dialecticas

247 4209 347 4299 (corr.
381 4209 458 4301 eos).
478 4209 574 4278 Liber
588 4210 679 4278 beati
699 4208 825 4278 Odonis
853 4209 995 4294 abbatas,
1023 4207 1161 4280 saeculo
1183 4211 1265 4278 XIII
1288 4209 1463 4301 apposita,

248 4345 311 4396 nos
332 4323 430 4396 doeet
446 4324 567 4395 folium
585 4324 671 4394 illud
691 4332 774 4394 tuno
792 4324 829 4394 in
848 4325 958 4395 fronte
977 4323 1066 4394 alius
1084 4323 1212 4395 oodiois
1229 4323 1466 4398 Floriaeensis

281 4521 307 4570 1.
326 4516 375 4568 Hie
387 4515 533 4585 iterumque
546 4521 605 4583 post
620 4516 734 4584 quinque
747 4532 838 4570 tersus
852 4525 981 4570 eomeomr
997 4518 1110 4570 restituit
1120 4533 1192 4571 eum.

280 4597 307 4649 2.
326 4594 477 4649 Correotori
490 4597 583 4648 melius
597 4596 681 4647 visum
695 4603 734 4647 est
745 4611 811 4663 repa
820 4597 834 4662 ΙΙ
842 4612 938 4664 amana.

281 4677 308 4730 3.
325 4674 418 4729 Eidem
432 4673 526 4727 melius
539 4674 624 4728 risum
638 4681 677 4726 est
691 4675 771 4742 deleti
780 4679 844 4728 etat.
