3082 5386
532 428 637 478 SEXTO
658 427 812 477 saecuto.

329 596 458 656 Redime
473 611 524 655 me
536 603 568 655 et
579 599 726 656 miserere
740 598 803 656 mei

328 695 387 751 Pes
399 696 485 752 enim
499 709 591 752 meus
606 696 694 753 stetit
706 696 739 751 in
753 696 806 752 via

452 798 536 850 recta

331 889 389 961 [lln
401 890 546 947 aeclesiis
560 888 744 947 benedicam
760 895 800 961 te,
815 887 955 946 Domine.

108 1127 294 1199 Peritiores
317 1127 462 1198 videant
488 1148 579 1220 quae
606 1128 653 1199 sit
681 1148 723 1198 eu
745 1127 905 1199 Psallerii
927 1125 1053 1210 versio,
1074 1145 1180 1217 quam
1197 1125 1280 1194 For·

63 1244 212 1314 collinus
229 1244 275 1335 (v.
289 1242 479 1335 comperto)
495 1242 618 1313 Italam
636 1251 830 1336 nuncupet.
846 1245 939 1314 Nam
950 1260 1064 1334 neque
1079 1260 1161 1311 cum
1175 1238 1282 1309 Galli-

64 1381 151 1429 oano
169 1379 283 1451 neque
303 1379 384 1429 cum
402 1360 556 1429 Romano
574 1358 782 1451 Hieronymi
800 1357 968 1428 Psalterio
987 1355 1127 1427 omnino
1141 1373 1282 1426 concor-

64 1475 136 1545 dat.
158 1475 339 1567 Scriptura
357 1472 482 1545 saltem
505 1483 606 1546 sexto
630 1472 768 1546 sacculo
783 1474 952 1567 posterior
969 1492 1041 1543 non
1056 1470 1209 1544 videtur.
1228 1470 1280 1540 (il.

64 1593 210 1676 Calmet,
231 1590 403 1676 Dianium,
423 1611 459 1684 p.
482 1590 536 1675 66,
557 1593 670 1662 n.1v.

110 1785 288 1878 Scriptura
305 1785 476 1879 posterior
495 1786 638 1878 (saeculi
662 1786 789 1879 octavi)
808 1803 816 1856 :
840 1783 978 1856 Glotrcc
996 1810 1013 1848 «
1034 1781 1128 1854 obba
1143 1789 1243 1874 pater
1264 1808 1281 1845 »
1357 1840 1366 1862 ,

66 1901 177 1994 [Corp.
200 1901 309 1992 gloss.
335 1899 412 1987 lat,
432 1901 488 1973 cd.
510 1905 629 1988 Goetz,
652 1903 794 1988 vol.1V,
820 1922 853 1995 p.
876 1899 964 1993 2561.

277 2098 398 2157 lumine
413 2105 504 2158 torvo
523 2099 590 2158 diro
603 2100 664 2158 hae
679 2100 894 2160 truculentum
903 2099 920 2171 ΙΙ
929 2097 1068 2156 vultum.

277 2195 436 2256 ludicrum
452 2196 626 2256 ludibrium
640 2204 742 2270 turpe.

277 2295 379 2352 Lucas
393 2295 462 2367 lpse
476 2310 669 2369 consurgens
682 2294 752 2353 sibe
765 2296 834 2368 ipse
848 2293 964 2367 libans,

242 2376 345 2449 Macte
361 2394 464 2465 magis
479 2399 536 2451 aut
551 2399 614 2451 tam
627 2394 740 2466 magis.

277 2489 395 2548 macies
410 2491 569 2563 exiguitas
584 2491 731 2562 corporis.

277 2587 399 2659 Macati,
413 2586 599 2646 Macedones

278 2685 415 2760 magalia
429 2686 497 2744 loca
511 2691 709 2757 pastoratum

278 2781 385 2840 madet
396 2781 511 2842 humet

278 2881 491 2953 magnanimis
510 2879 598 2938 iortis

278 2979 438 3050 magnites
450 2978 532 3050 lapis
544 2979 601 3050 qui
616 2976 733 3035 ferrum
747 2977 829 3048 rapit

280 3075 384 3148 majus
399 3074 473 3145 plns
487 3073 626 3145 amplius

281 3172 401 3228 malum
416 3170 525 3243 punlcl
538 3171 624 3229 mala
637 3175 769 3244 granata

280 3268 421 3326 mellatio
434 3268 584 3327 mollities
599 3281 696 3341 graecc

281 3365 472 3439 malagrama
482 3363 582 3423 herba
592 3378 753 3424 venenosa

281 3463 404 3521 maitlls
416 3476 529 3534 porcus
543 3462 674 3537 pinguls
687 3475 724 3519 eo
743 3460 829 3535 quod

317 3557 356 3617 de
370 3559 423 3619 his
436 3558 515 3617 Maia
530 3557 774 3617 sacricabantur.

544 3869 719 3938 sibvla
738 3871 818 3939 XVI

117 4070 287 4137 Puniens.
312 4060 549 4173 Bibliothecae
570 4062 704 4155 patriae
727 4065 804 4135 cod.
823 4065 884 4136 let.
907 4087 987 4137 nov.
1008 4087 1084 4159 aeq.
1109 4067 1206 4154 ttae,
1227 4039 1287 4141 iolss

74 4182 115 4252 te
138 4201 146 4251 :
167 4179 388 4272 Augustinus
406 4178 444 4247 in
471 4176 649 4248 Prclmam
674 4177 729 4264 99,
758 4201 789 4251 o.
818 4181 859 4252 ll
889 4180 926 4272 [t.
955 4183 1016 4268 lv,
1044 4182 1112 4254 col.
1140 4184 1227 4257 ltlt
1256 4207 1289 4272 c,

74 4319 150 4391 sqq.
171 4295 334 4368 editionis
353 4314 409 4387 ap.
431 4295 564 4366 Gaume
582 4295 707 4367 iratres
726 4294 854 4391 datael.

106 4490 371 4558 talubtlatlotunc
386 4487 533 4543 bnttlne
741 4495 874 4558 ecquam
887 4462 1210 4552 ammdstlmumnos-

105 4589 233 4646 delectu.
251 4587 446 4651 serviteergo
459 4583 580 4638 Domino
743 4589 939 4657 tripectorem
952 4589 1216 4649 molmuotblmt·

106 4701 166 4743 non
179 4688 212 4741 ln
224 4682 419 4742 amaritudine
432 4693 513 4739 mur·
742 4688 931 4751 tltxcvllit
946 4688 1232 4760 descenditqntere·
