3432 5556
762 490 914 542 usmetis
935 490 1122 542 sommas.

570 657 730 733 Dominus,
744 660 818 719 vide
831 667 951 736 quanm
964 662 1064 738 gloria
1076 667 1133 722 tua
1145 675 1253 736 repen·

570 757 692 816 mucre
705 760 842 818 mutavit
854 761 910 833 qui
925 765 956 818 te
969 761 1084 818 maluit

568 856 752 929 participem
766 858 952 918 caelestium
966 872 1071 918 remm

570 953 619 1028 (si)
634 953 701 1012 fieri
714 955 817 1014 voluit
830 970 927 1029 quam
940 956 981 1015 ad
994 955 1091 1014 finem

568 1053 762 1111 terrestrium
776 1068 968 1127 permanere,
983 1054 1023 1112 ab
1038 1054 1098 1112 bu-

542 1151 547 1172 ·
568 1163 663 1208 mana
675 1149 830 1226 dignitate
845 1153 994 1211 transires
1008 1152 1042 1210 in
1056 1167 1124 1226 reg·

567 1261 609 1304 no
622 1247 691 1322 Dci;
706 1248 881 1322 etquidem
895 1250 1006 1308 multis
1019 1249 1155 1309 bomini-

566 1343 630 1404 bus
642 1345 741 1420 bidus
755 1347 874 1406 saeculi
887 1348 1027 1406 vanitate
1041 1349 1137 1420 capti-

566 1443 626 1518 vis,
642 1445 760 1505 similia
771 1447 852 1505 Deus
866 1447 985 1505 auxilia
998 1445 1215 1520 percipiendae

567 1544 601 1601 ln
613 1548 776 1602 aeternum
790 1545 904 1603 salutis
918 1543 1026 1604 offerre
1038 1545 1107 1620 dig·

567 1646 670 1716 natur,
686 1639 742 1700 sed
754 1643 893 1715 plerique
906 1643 1128 1716 superantibus

566 1755 644 1800 sana
658 1735 789 1802 c'onsllia
803 1741 917 1814 quibus
931 1740 1114 1800 divitiarum

566 1845 623 1898 aut
635 1839 895 1898 delectationibus
909 1853 1107 1912 corporatum

566 1938 680 1996 nolunt
697 1937 879 2011 intellegere
892 1943 930 1996 ut
943 1938 1024 1997 bene
1035 1942 1141 2012 agant,

566 2041 599 2092 et
610 2037 735 2094 malunt
748 2036 812 2094 lata
824 2037 877 2094 via
890 2035 1079 2109 perditionis

566 2133 694 2206 spatiari
707 2148 782 2192 oum
793 2133 906 2192 multis
920 2147 1016 2207 quam
1030 2149 1147 2208 angus·

567 2236 632 2289 tam
645 2232 792 2290 semitam
806 2233 948 2290 invenire
961 2246 1035 2291 cum
1049 2246 1126 2304 pau·

566 2329 629 2402 ois;
642 2328 728 2388 unde
742 2334 774 2387 et
788 2336 834 2402 tu,
847 2329 1047 2405 beatissima,
1064 2331 1116 2389 cui
1130 2330 1185 2389 do·

567 2433 678 2487 natum
691 2433 741 2487 est
752 2443 816 2488 non
827 2428 967 2488 indurari
981 2431 1034 2503 pia
1046 2444 1111 2489 cas·

567 2527 719 2600 ligatione
731 2525 788 2585 sed
801 2527 923 2601 corrigi,
940 2542 1039 2602 neque
1053 2529 1146 2601 glori·

566 2623 611 2682 ari
625 2623 659 2681 in
673 2623 793 2682 divitiis
807 2624 864 2682 sed
876 2639 966 2696 spem
979 2631 1011 2683 et
1024 2639 1090 2682 rem

565 2720 600 2777 in
613 2721 675 2796 Deo
689 2734 803 2793 ponere
818 2725 850 2779 et
862 2735 882 2779 a
895 2727 977 2779 sorte
992 2721 1129 2780 divitum

565 2825 773 2891 peccatorum,
789 2834 924 2894 quorum
936 2834 988 2878 cor
1001 2825 1038 2878 ut
1052 2834 1119 2878 cae·

565 2917 617 2974 nis
630 2922 689 2989 est,
704 2918 779 2990 quia
793 2922 825 2975 et
838 2932 891 2976 cor
901 2917 985 2976 sicut
999 2918 1126 2976 thesau-

565 3027 636 3071 rum
650 3028 747 3073 suum
760 3015 795 3072 in
810 3020 890 3072 terra
903 3013 1102 3088 demergunt,

566 3112 697 3169 transire
711 3111 752 3170 ad
765 3127 940 3185 pauperum
953 3112 1116 3171 beatorum

566 3214 681 3284 sortem
696 3225 830 3283 quorum
844 3209 975 3268 formam
988 3210 1125 3270 cbristus

375 3414 448 3482 Hoc
459 3413 694 3504 fragmentum
707 3413 891 3506 descripsit
904 3415 938 3484 S.
956 3415 1099 3500 Brandt,
1112 3412 1195 3485 Situ.
1211 3412 1245 3484 d.
1257 3405 1402 3486 Wiener
1410 3413 1538 3497 Airai„

331 3530 404 3613 cx,
425 3527 525 3614 lass,
546 3549 580 3621 p.
603 3528 678 3599 172.

756 3835 932 3920 olevia
950 3850 1114 3922 xxxvn

374 4065 540 4136 Pamsus.
570 4061 804 4134 Bibliothecae
832 4062 964 4155 patriae
993 4064 1069 4134 cod.
1098 4062 1158 4133 lat.
1189 4061 1288 4142 1732,
1313 4061 1359 4131 iol
1385 4061 1427 4130 li
1463 4068 1536 4132 νε

332 4178 546 4265 Ambrosius,
567 4177 607 4248 de
629 4179 770 4286 Officiis.
790 4178 852 4249 lib.
873 4181 916 4264 ΙΙ,
937 4178 953 4246 l
977 4178 1116 4269 [Migne,
1135 4179 1227 4261 XVI,
1249 4175 1338 4266 liii.

504 4375 756 4436 CONFIlSSORIS
775 4377 823 4434 ET
843 4375 1014 4434 EPISGOPI

501 4473 553 4530 Dii
567 4473 726 4533 osricus
741 4474 895 4531 EXPLicit
909 4474 982 4530 LIB.
998 4475 1024 4530 1.
1039 4473 1159 4532 INCiPit
1171 4472 1246 4532 LIB.
1262 4472 1300 4528 11.

462 4569 625 4642 superiore
637 4571 716 4630 libro
731 4570 769 4629 de
783 4569 895 4629 officiis
907 4572 1111 4629 tractavimus

461 4682 541 4741 quae
556 4670 723 4727 convenire
736 4669 897 4726 honestati
911 4669 1145 4741 arbitraremur,

460 4765 495 4824 iu
509 4780 572 4840 qua
585 4767 684 4825 vitam
695 4766 821 4824 beatam
834 4766 970 4840 positam
984 4780 1054 4825 esse
1065 4765 1147 4824 nulli
1161 4764 1286 4826 dubita·
