3432 5556
600 533 727 584 ocrrvo
748 534 904 583 sarounc.
1320 519 1362 582 'lt

143 708 264 774 textus
283 703 439 774 affertur.
460 705 556 774 Haec
573 702 694 776 inveni
711 703 749 774 in
766 702 927 796 Epistula
944 702 1000 790 tl,
1014 702 1059 774 ad
1072 702 1212 774 Furiam
1228 703 1359 796 [ldigne

143 822 256 904 XXII,
278 819 355 908 550]
378 835 387 887 :
410 847 426 882 ‹
446 818 717 910 Blaesillamque
737 826 915 912 praetereo
926 837 1016 910 quae
1031 817 1196 888 maritum
1210 837 1355 888 suum...

143 942 306 1005 secuta...
327 935 365 1005 in
382 933 482 1006 brevi
501 936 595 1006 vitae
618 935 731 1028 spatio
753 942 910 1028 tempora
934 934 1107 1005 virtutum
1130 932 1240 1004 multa
1263 954 1357 1004 com·

144 1048 265 1141 plauit.
284 1051 399 1139 Atque
417 1049 552 1122 utinam
571 1051 755 1140 praeconia
772 1049 981 1122 seminarum
993 1048 1213 1124 imitarentur
1226 1049 1306 1134 viri,
1322 1057 1359 1120 et

142 1185 271 1256 rugosa
289 1173 452 1235 senectus
470 1165 630 1236 redderet
648 1165 741 1257 quod
759 1173 882 1257 sponte
901 1164 1001 1236 offert
1014 1163 1247 1235 adolescentia
1268 1190 1300 1233 s.
1313 1165 1358 1234 Et

142 1279 368 1371 paulopost:
391 1283 568 1350 «Honora
594 1289 729 1373 patrem
753 1289 866 1365 tuum,
897 1280 927 1350 si
950 1288 985 1351 te
1010 1302 1032 1350 a
1055 1300 1139 1351 vero
1162 1287 1260 1372 patro
1287 1301 1357 1349 non

142 1403 282 1487 separat
303 1423 334 1463 ».
354 1397 441 1466 Utra
467 1396 513 1466 sit
538 1397 690 1488 genuina
712 1395 887 1468 contextio
914 1394 1067 1466 viderint
1092 1395 1200 1466 futuri
1231 1395 1354 1467 Hiero-

141 1510 243 1601 nymi
260 1510 422 1581 editores.
1181 1582 1186 1594 ,

189 1627 366 1706 Quantum
385 1627 428 1697 ud
443 1626 664 1720 scripturam,
678 1627 836 1700 litteraA
855 1627 1044 1718 septimum
1062 1625 1242 1698 saeculum
1256 1627 1356 1699 redo·

142 1738 202 1824 let,
224 1749 379 1812 attamen
397 1748 537 1835 propter
556 1743 725 1836 pessimos
744 1743 869 1814 ductus
887 1742 1083 1814 litterarum
1101 1745 1192 1814 LNR
1216 1750 1252 1815 et
1269 1763 1357 1834 qua-

141 1855 319 1928 terniones
336 1856 376 1927 in
392 1856 508 1929 media
525 1858 586 1928 imi
605 1859 775 1950 marginis
793 1867 891 1950 parte
910 1858 1064 1949 signatos
1079 1879 1149 1930 non
1163 1867 1245 1930 ante
1261 1866 1353 1930 octa-

143 1991 229 2042 vum
246 1972 425 2045 saeculum
448 1973 602 2045 codicem
621 1974 790 2066 scriptum
814 1994 892 2045 esse
919 1973 1096 2044 existimo.
1124 1975 1353 2047 Animadver-

143 2089 240 2162 sione
259 2089 367 2182 digna
385 2096 440 2162 est
457 2096 644 2181 praeacuta
660 2090 855 2162 litterarum
873 2093 971 2172 FIPQ
991 2091 1115 2161 cauda.

598 2465 775 2536 TABVLA
802 2467 897 2536 XLII

185 2705 222 2774 l·
255 2706 405 2776 Romen.
450 2704 685 2778 Bibliothecae
721 2703 855 2795 patriae
889 2724 909 2775 e
942 2705 1081 2778 Victore
1123 2705 1353 2780 Emmanuele

140 2829 364 2912 nuncupatae
391 2819 502 2891 codex
530 2821 628 2905 2107,
658 2820 718 2891 sol.
745 2821 763 2891 3
787 2831 853 2891 v⁰:
881 2820 1036 2891 Salvieni
1055 2820 1204 2912 epistula
1225 2820 1352 2890 addu-

140 2936 293 3006 ctorium
312 2935 378 3027 [ed.
396 2935 539 3026 werke,
556 2957 590 3028 p.
608 2937 685 3007 197.
706 2941 810 3030 Corp.
835 2957 902 3007 scr.
924 2937 1024 3021 eccl,
1044 2936 1114 3006 vol.
1137 2937 1279 3028 XXXll.

430 3134 564 3191 Domino
577 3137 609 3192 et
623 3133 708 3192 dulci
723 3149 782 3192 suo
796 3133 917 3192 Euche-

430 3231 476 3288 rio
489 3233 634 3303 episcopo
649 3231 827 3290 Salvianus.
844 3229 955 3305 Pcrlrc)

430 3329 494 3402 legi
507 3328 604 3387 libros
618 3333 690 3386 tuos
702 3343 783 3401 quos
795 3334 895 3386 trans-

430 3427 547 3484 misisti
561 3427 634 3484 stilo
648 3425 771 3498 brebes,
787 3425 899 3484 doctri-

429 3538 471 3582 na
485 3524 607 3596 uberes,
627 3525 761 3582 lectione
773 3522 936 3598 expeditos

430 3620 636 3677 instructione
650 3618 813 3692 perlectos,
828 3635 916 3677 men·

325 3717 349 3774 ti
363 3722 441 3776 tuac
450 3722 482 3774 et
495 3718 604 3789 pietati
613 3731 713 3789 pares,
727 3731 785 3774 nec
797 3719 892 3775 miror
905 3717 991 3791 quod

325 3821 389 3872 tam
403 3815 482 3872 utile
496 3829 532 3873 ac
546 3813 715 3886 pulchrum
729 3829 809 3886 opus
828 3814 869 3873 ad
883 3816 1019 3874 instruc·

324 3911 441 3969 tionem
455 3912 656 3983 potissimum
670 3916 849 3970 saeuorum
868 3926 904 3970 ac
918 3911 990 3970 bea·

324 4013 426 4066 torum
441 4010 609 4082 pignorum
624 4007 793 4066 condidisti
806 4020 814 4081 ;
835 4024 908 4067 cum
923 4011 1008 4068 enim

323 4106 475 4164 eximium
489 4106 523 4162 in
537 4107 583 4163 eis
598 4107 752 4178 templum
766 4087 990 4165 Dco'aedifica·

322 4203 414 4275 veria,
431 4202 605 4262 doctrinam
616 4219 716 4262 novae
730 4203 918 4262 eruditionis

322 4301 414 4373 quasi
428 4303 546 4360 summi
559 4300 695 4360 aedificii
709 4304 756 4360 tui
772 4304 899 4361 eulmen
912 4317 959 4360 or·

322 4400 405 4456 nasti
418 4405 452 4457 et
461 4405 499 4458 ut
512 4399 628 4458 indolis
641 4405 766 4459 suadae
779 4406 912 4474 tuaeque
926 4399 1040 4459 doctri·
1148 4460 1150 4474 Λ

324 4511 384 4556 nae
395 4498 509 4557 accita
522 4497 767 4556 inlustrarentur
779 4512 859 4571 quos
873 4513 938 4556 mo·

322 4598 380 4656 rali
397 4596 598 4654 institutione
612 4595 799 4655 formaveras
814 4597 903 4669 spiri-

321 4695 377 4754 tali
391 4694 598 4752 instructione
613 4693 775 4753 decorasti.
792 4695 940 4766 Superest

320 4797 359 4850 ut
374 4789 524 4850 Dominus
541 4791 623 4849 Deus
641 4795 761 4865 noster,
786 4791 879 4864 cujus
899 4789 983 4851 dona
1000 4791 1165 4852 admiran-
