3392 5560
315 463 374 528 tot
740 477 891 527 uucrams
912 479 1100 526 serrarum.

424 646 669 722 debetquileglt
997 647 1384 720 diditDeususquenunc,

458 748 632 824 intellegat.
704 748 734 804 11
997 761 1098 818 nequa
1111 744 1199 804 flent.
1270 746 1312 803 vl

430 835 523 904 Tunc
536 846 591 918 qui
605 847 640 903 in
652 837 753 902 Indae
997 845 1036 902 Et
1048 844 1111 902 nisi
1124 844 1304 902 breviassit¹

461 947 539 1000 aunt
560 940 685 1016 fugiant
709 944 742 1000 in
762 957 850 1000 mon·
997 942 1147 1000 Dominus
1168 940 1245 1011 dies,
1264 955 1328 998 non
1349 941 1426 1000 iuis-

458 1045 516 1112 tea,
531 1041 741 1112 etquisupor
998 1045 1266 1103 setsalvaomnis
1427 1041 1431 1052 ’

461 1143 578 1196 tectum
590 1153 654 1196 non
668 1137 739 1196 dea·
999 1154 1080 1198 caro.
1096 1140 1157 1198 Sed
1170 1146 1294 1214 propter

457 1237 572 1298 cendat
585 1236 619 1294 in
631 1236 761 1295 domum
1000 1241 1282 1312 electosquosele-

461 1352 520 1398 nec
531 1338 665 1395 introcat
677 1341 715 1396 ut
803 1337 806 1344 “
1001 1337 1231 1410 gitbreviabit²
1250 1333 1327 1395 dies.

463 1436 555 1494 tollat
568 1433 690 1508 aliquid
758 1435 788 1491 11
1000 1435 1039 1491 Et
1053 1435 1323 1508 siquistunovo-

460 1532 609 1593 dedomo
624 1547 692 1593 aua.
707 1533 746 1590 Et
1001 1533 1052 1591 bis
1064 1531 1197 1590 dixerit:
1213 1546 1285 1591 ecoe

464 1632 567 1705 quiin
581 1646 655 1706 agro
669 1632 729 1689 erit
1002 1629 1056 1688 hic
1069 1634 1118 1687 est
1132 1629 1278 1702 christus,
1295 1645 1366 1688 ecoe

461 1745 525 1788 non
540 1734 716 1789 revertatur
1002 1728 1078 1800 illio,
1093 1742 1133 1785 ne
1146 1727 1348 1786 credideritis.

461 1834 543 1886 retro
558 1827 666 1886 tollore
737 1827 778 1884 VI
1002 1825 1182 1900 Exsurgent
1195 1827 1281 1884 enim

363 2030 478 2102 Codex
507 2030 769 2124 euangeliorum
794 2029 894 2120 cujus
921 2030 1197 2120 quattuordecim
1219 2030 1301 2102 lolia
1322 2054 1343 2102 a
1365 2031 1537 2103 Gulielmo

319 2145 415 2218 Libri
434 2146 552 2218 ablata
570 2167 665 2216 nuno
683 2145 720 2215 in
738 2145 893 2216 Parisino
911 2147 1000 2216 Nov.
1022 2166 1098 2238 aeq.
1114 2147 1172 2217 lat.
1191 2147 1277 2218 1588
1292 2147 1535 2220 inveniuntur.

324 2263 380 2354 (ci.
401 2265 441 2334 L.
460 2261 602 2347 Delisle,
626 2262 700 2330 Cat.
721 2259 778 2329 des
796 2283 875 2330 mss.
896 2260 943 2329 du
960 2260 1064 2352 fonds
1082 2261 1534 2356 aiot,p.ttetpl.1v,o);

320 2375 516 2462 Chatelain,
538 2375 686 2448 Joumal
707 2375 764 2445 des
790 2379 947 2462 savants,
969 2377 1068 2463 1898,
1089 2398 1125 2469 p.
1146 2377 1232 2466 3803
1258 2383 1362 2472 Leop.
1390 2378 1533 2463 Deliele,

321 2491 468 2562 Les-vols
487 2491 527 2562 de
545 2491 640 2562 Libri
665 2491 911 2563 ausoniaene
930 2491 1082 2562 d'Autam
1105 2493 1218 2584 (Bibl.
1243 2494 1286 2566 de
1313 2483 1439 2565 I'Ecolo
1471 2494 1536 2564 des

320 2607 477 2693 Ghartes,
511 2610 601 2693 LIX,
633 2628 673 2700 p.
719 2606 854 2694 380-82,
890 2608 948 2679 vel
983 2609 1172 2701 separatim
1200 2609 1259 2682 ed.
1293 2632 1331 2703 p.
1365 2597 1447 2700 ld),
1473 2609 1536 2700 qui

321 2723 492 2815 originem
521 2723 737 2795 hibernicam
765 2723 825 2794 vel
860 2723 1182 2816 anglo-saxonicam
1210 2725 1293 2796 huic
1325 2725 1535 2817 suspicatur.

320 2839 507 2932 Inscriptio
529 2839 610 2910 folio
629 2838 694 2908 115
710 2839 869 2931 apposita

653 3009 681 3076 L
721 3009 749 3077 E
801 3009 840 3078 Sl
898 3010 968 3079 PTI
1025 3011 1083 3080 AF
1104 3013 1231 3082 licui

650 3124 694 3191 IB
731 3124 760 3192 R
816 3127 834 3198 ὁ
911 3126 969 3193 ER
1032 3126 1232 3196 LVNAESS

323 3317 567 3420 intellegenda
589 3326 643 3390 est
678 3334 686 3386 τ
721 3316 805 3385 liber
839 3317 950 3388 sancti
986 3319 1080 3387 Patri
1112 3319 1385 3405 Flaviniaoansis,
1419 3318 1454 3390 id
1482 3330 1536 3392 est

330 3433 488 3506 coenobii
508 3433 545 3504 in
564 3432 715 3504 dioecesi
731 3431 1041 3524 Augustodunensi
1055 3441 1155 3505 sexto
1173 3433 1312 3505 saeculo
1331 3433 1475 3505 conditi.

368 3549 516 3621 Numeri
535 3568 708 3619 canonum
726 3555 761 3618 et
779 3548 1044 3620 concordantiae
1066 3549 1104 3639 in
1121 3548 1339 3641 marginibus
1357 3551 1532 3642 leguntur.

371 3663 550 3746 Quaedam
585 3662 667 3734 folia
701 3663 936 3734 minusculam
971 3664 1181 3757 scripturam
1215 3666 1405 3757 praebent;
1448 3666 1535 3737 duas

327 3781 475 3874 paginas
487 3780 631 3851 alteram
640 3778 770 3849 unciali
782 3779 927 3852 alteram
937 3780 1133 3852 minuscula
1143 3791 1304 3852 exaratas
1313 3781 1535 3874 phototypioe

323 3898 480 3970 redditas
505 3894 637 3967 addidit
655 3897 692 3964 L.
715 3894 845 3966 Delisle
863 3895 983 3968 libello
1008 3896 1207 3988 supradicto
1224 3899 1411 3990 separatim
1429 3896 1533 3968 edito.

368 4014 466 4096 Circa
487 4011 729 4108 finemoctavi
752 4009 812 4082 vel
831 4011 1041 4104 principium
1066 4013 1149 4083 noni
1170 4013 1301 4085 saeculi
1314 4012 1403 4085 liber
1425 4013 1537 4106 scrip-

324 4136 382 4200 tur
401 4128 552 4201 ridetur.
575 4130 648 4209 Quo
667 4126 768 4198 modo
786 4125 939 4216 ligentur
957 4129 1016 4232 Nl*
1033 4127 1383 4201 animadvertendum
1401 4137 1466 4200 est.

355 4340 381 4395 1.
396 4339 471 4392 Oorr.
484 4338 635 4393 breviasset.

355 4419 383 4474 2.
400 4419 477 4473 corr.
495 4419 632 4472 breviavit.
