3082 5386
696 382 847 433 uncinus
868 388 1054 439 scaiman.

430 548 565 619 argolica
763 560 933 631 preponitur

429 646 551 704 ariciurn
763 658 882 713 siccrnn

428 748 548 801 arentia
762 756 913 817 siccantia

427 844 562 913 armiger
761 856 981 927 arunpotatur

426 939 513 996 aricia
761 956 936 1011 terrasicca
951 955 997 1010 ret
1011 958 1133 1015 steretis

425 1050 532 1095 arcrnn
759 1057 913 1107 secretum
931 1052 978 1107 rei
996 1056 1161 1113 incurvum
1175 1058 1337 1137 aliquiidl

425 1136 578 1207 quilieunr
759 1150 969 1207 verrtrtcunnn

355 1237 364 1251 ·
424 1236 566 1305 acruiiunr
758 1244 1023 1317 iuscrnnniprunr

423 1340 507 1389 astra
757 1345 867 1401 stortae

422 1434 595 1503 astrotogur
631 1438 816 1496 aestimatur
829 1442 968 1501 siderum

458 1532 598 1589 etinnae
634 1550 746 1591 cursus

422 1642 545 1685 ascenro
756 1638 925 1693 inuncstus

421 1734 471 1783 ast
480 1742 538 1795 epit
755 1750 813 1803 epo
827 1742 933 1793 auteur

420 1838 511 1896 asper
754 1829 855 1887 ‹iurns

420 1930 605 1992 aspernatur
753 1932 944 1999 contempnit
962 1931 1097 2003 dispicet

420 2023 569 2077 astariurn
756 2028 808 2081 nbi
825 2028 1006 2085 renduntur
1023 2032 1105 2089 bona

419 2118 534 2176 asiluru
754 2126 842 2181 locus
857 2126 1106 2199 confugientium

748 2464 922 2533 TABVLA
951 2468 981 2535 it

300 2699 470 2769 Panrsns.
486 2697 721 2773 Bibliothecae
739 2704 870 2795 patriae
889 2706 998 2777 codex
1017 2707 1147 2779 latinus
1166 2710 1290 2801 treta,
1313 2716 1381 2788 iol.
1408 2720 1451 2793 21
1479 2741 1488 2793 :

258 2813 377 2884 Prisca
393 2815 509 2884 versio
528 2817 704 2908 euangelii
723 2822 918 2892 secundum
937 2824 1149 2894 Marciacum
1167 2829 1262 2913 xxi,
1285 2828 1393 2905 9-17.

790 3109 942 3155 ΜΑΤΓΕΰΜ

263 3264 387 3333 Turbae
403 3282 509 3334 autem
523 3293 604 3350 quae
1014 3278 1162 3334 orationis
1176 3277 1299 3335 vorabi-

290 3373 498 3443 precedebant
511 3381 542 3432 et
556 3391 636 3447 quae
1014 3381 1074 3443 tur,
1089 3375 1322 3433 vosautemie-

290 3473 505 3544 sequebantur
519 3476 632 3531 clama-
1012 3472 1099 3529 cistis
1113 3474 1200 3531 iilam
1214 3469 1347 3544 spelun-

290 3567 369 3625 bant
381 3570 521 3628 dicentes
537 3588 544 3627 :
558 3571 675 3628 Ossan·
1012 3584 1048 3627 ea
1059 3570 1227 3628 latronum.

290 3681 332 3724 na
345 3666 409 3725 filio
423 3668 534 3737 David,
549 3668 697 3726 benedic·
894 3657 937 3724 Et
950 3665 1155 3726 adcesserunt
1168 3668 1292 3726 adeum

291 3772 343 3823 tus
357 3768 412 3838 qui
426 3767 562 3823 venitin
577 3767 676 3822 nomi·
924 3766 1006 3822 caeci
1021 3770 1053 3822 et
1066 3765 1148 3824 clodi
1163 3767 1196 3824 in
1211 3773 1287 3824 tem·

289 3878 330 3920 ne
343 3865 476 3922 Domini.
491 3866 610 3922 Ossana
624 3865 657 3920 in
673 3864 758 3921 aitis·
923 3862 975 3933 plo
989 3868 1020 3918 et
1035 3867 1160 3921 sanavit
1171 3879 1235 3922 eos.

289 3960 389 4018 simis.
888 3950 1325 4033 Videntesautemtdiseipu·

259 4046 387 4115 Etcum
401 4058 550 4115 intrasset
563 4059 635 4115 Hie·
923 4058 946 4114 li
960 4059 1001 4130 et)
1018 4061 1184 4131 principis¹
1200 4074 1299 4117 sacer

287 4157 453 4228 rosolimis,
469 4163 615 4215 conmota
923 4155 1034 4214 dotum
1050 4163 1081 4214 et
1094 4156 1211 4215 scribe¹
1224 4159 1281 4214 mi·

288 4260 337 4311 est
350 4256 499 4313 universa
514 4257 626 4312 civitas
922 4254 1033 4312 rabilia
1047 4270 1127 4327 quae
1141 4255 1214 4313 iecit
1228 4254 1334 4312 Ihesus

287 4351 451 4425 diceniteis
467 4372 474 4409 ι
490 4355 563 4426 quis
577 4359 626 4409 est
640 4352 717 4407 hio‘t
922 4358 954 4407 et
968 4366 1082 4421 pueros
1097 4353 1268 4409 clamantes

284 4603 304 4651 l.
320 4601 458 4666 principes
471 4607 615 4650 correctum
630 4607 668 4650 est
679 4600 817 4664 posterius.

281 4682 306 4736 2.
321 4686 474 4732 emutatum
488 4689 527 4731 est
542 4681 568 4731 in
582 4698 595 4744 e
609 4681 751 4746 posterius.
