3082 5386
597 447 738 500 ΒΕΠΙΙΟ
758 448 917 499 sandoro.

192 623 314 681 llarcus
327 618 513 680 'l'haddeum
526 619 616 694 dixit,
632 621 734 679 Lucas
747 620 862 679 tudam
875 619 982 679 Jacohi
996 620 1154 693 scribsi1t1.

191 722 316 780 Certum
342 725 393 778 est
417 724 524 777 autem
549 719 764 792 euangelistas
794 734 859 777 non
887 732 1006 776 errasse
1033 718 1068 776 in
1098 716 1283 776 nominibus

192 819 416 891 apostolorum,
429 815 486 874 sed
500 817 576 889 quia
588 817 685 874 moris
699 821 765 873 erat
774 815 859 873 binis
872 817 924 873 vel
936 817 1033 874 ternis
1045 818 1144 873 nomi-

191 915 286 974 nibus
311 915 361 973 uti
384 913 524 973 Hebreos
546 914 645 971 unius
668 911 874 986 ejusdemque
898 915 968 987 viri,
992 912 1117 972 diversa
1138 915 1204 972 sin-

193 1014 259 1088 guli
273 1011 429 1071 vocabula
441 1025 587 1084 posuere.
606 1009 787 1068 Secundum
800 1011 883 1068 hanc
894 1026 968 1085 ergo
980 1026 1092 1070 consu-

193 1108 357 1169 etudinem
375 1108 501 1167 videtur
513 1107 607 1166 nobis
620 1112 653 1165 et
666 1110 785 1167 Paulus
801 1107 920 1181 duplici
934 1123 1014 1168 usus
1028 1123 1099 1167 esse

192 1207 356 1279 vocabulo,
373 1212 406 1263 et
419 1206 519 1264 donec
532 1204 662 1278 quidem
677 1207 764 1279 genti
776 1208 918 1279 propriae
931 1206 1141 1279 ministrabat,

194 1307 308 1364 Saulus
323 1319 394 1362 esse
408 1305 576 1375 vocitatus,
590 1301 676 1375 quod
691 1309 723 1361 et
734 1305 836 1377 magis
849 1305 1051 1376 appellationi
1065 1318 1134 1376 pro·

189 1407 272 1478 priae
295 1405 502 1464 vernaculum
519 1402 710 1476 videvatur1,
736 1403 855 1460 Paulus
872 1408 979 1460 autem
993 1403 1170 1474 appellatus

194 1518 261 1562 csse
276 1518 352 1562 cum
372 1503 498 1562 Graecis
511 1509 544 1560 et
558 1503 707 1576 gentihus
725 1503 812 1575 loges
826 1507 858 1559 et
870 1507 1034 1573 praecepta
1052 1515 1123 1559 con-

195 1601 332 1660 scribsit.
348 1603 428 1661 Nam
442 1605 475 1658 et
488 1600 549 1658 hoc
562 1601 667 1672 ipsum
683 1598 767 1673 quod
781 1599 939 1658 Scrihtura
956 1598 1034 1657 dicit
1049 1615 1056 1657 :

195 1699 309 1758 Saulus
324 1704 433 1757 autem
450 1699 505 1771 qui
520 1703 552 1756 et
563 1698 693 1770 Paulus,
703 1694 865 1756 evidenter
876 1711 941 1755 non
954 1698 984 1755 ei
996 1703 1075 1755 tunc

194 1799 332 1869 primum
354 1797 446 1854 Pauli
468 1810 584 1854 nomen
607 1795 746 1854 ostendit
768 1796 964 1869 impositum,
988 1795 1045 1854 sed
1066 1794 1182 1854 veteris

193 1895 415 1967 appellationis
430 1893 463 1951 id
476 1893 576 1952 tuisse
589 1892 743 1966 designat.
759 1894 843 1951 Haec
857 1894 897 1951 ab
911 1894 980 1965 ipso
994 1897 1120 1953 auctore

194 1994 296 2065 operis
310 1994 438 2065 omissa,
453 2006 511 2050 nos
525 1992 602 2064 quia
618 1990 652 2048 id
663 1990 861 2049 dissertionis
876 1992 1005 2049 initium
1023 1991 1151 2050 videba-

195 2095 243 2149 tur
257 2089 438 2162 deposcere,
453 2094 530 2162 puto
543 2087 629 2162 quod
643 2103 707 2146 non
721 2089 979 2147 inconvenienter
992 2104 1078 2162 prae-

192 2189 361 2262 misimus;
376 2192 479 2246 cetera
487 2187 555 2260 jam
569 2187 608 2244 de
622 2188 775 2258 exemplis
788 2188 954 2244 nationum
968 2188 1002 2245 in
1016 2202 1120 2260 corpo·

194 2301 225 2344 re
239 2286 361 2359 quihus
373 2286 547 2357 poterimus
560 2283 756 2358 compendiis
770 2299 989 2358 exsequemur.

171 2374 290 2442 Paulus
305 2374 427 2442 'servus
448 2383 545 2439 Jheau
567 2383 689 2466 Christi.
710 2385 756 2440 Do
778 2384 876 2441 Paulo
895 2384 962 2458 jam
985 2383 1143 2458 diximus;
1167 2384 1319 2457 require-²

194 2495 266 2539 mus
283 2495 372 2538 nunc
385 2495 441 2538 cur
451 2493 562 2537 servus
576 2477 700 2537 dicatur
712 2480 740 2537 is
755 2480 811 2552 qui
825 2479 901 2537 alibi
916 2479 1047 2539 scribit:
1062 2495 1127 2538 non

192 2579 277 2636 enim
302 2575 461 2651 acipistis³
483 2575 653 2650 spiritum]
667 2575 873 2649 *adoptionis
896 2578 930 2634 in
949 2592 1011 2650 quo
1024 2557 1221 2637 clamamus:

194 2676 284 2736 Abba
296 2682 395 2750 pater,
410 2673 568 2749 quomodo
580 2689 654 2749 ergo
666 2690 740 2733 cum
754 2676 806 2734 his
820 2681 904 2734 etam
919 2676 978 2749 [ex]
994 2676 1112 2749 quihus

189 2880 389 2938 Paenultimo
410 2894 505 2937 versu
522 2884 594 2951 post
613 2879 759 2954 spiritum
784 2882 902 2940 omissa
919 2882 1016 2940 verba
1034 2882 1069 2939 in
1090 2880 1198 2940 infimo
1217 2881 1369 2955 margine,

160 2977 362 3050 praecedente
371 2981 390 3018 *
404 2978 506 3050 signo,
517 2978 654 3050 reposita
667 2984 745 3037 sunt
758 2981 883 3039 saeculo
896 2995 998 3038 nono:

300 3130 465 3188 servitutis
478 3129 594 3188 iterum
604 3130 639 3187 in
653 3131 764 3188 timore
777 3129 834 3189 sed
845 3132 1013 3204 accepistis
1024 3131 1184 3205 spiritum.

198 3390 451 3478 Fragmentum
470 3394 634 3478 quattuor
652 3388 811 3458 foliorum
831 3410 850 3460 e
869 3389 1034 3461 Libriana
1051 3388 1180 3481 praeda
1199 3409 1256 3461 an.
1281 3389 1367 3459 1888

158 3502 393 3596 redemptum.
417 3503 496 3574 Vid.
516 3508 553 3574 L.
577 3503 719 3590 Delisle,
750 3506 860 3578 Catal.
889 3505 945 3574 des
971 3528 1051 3575 mss.
1073 3505 1130 3574 des
1148 3504 1252 3596 fonds
1274 3505 1369 3574 Libri

159 3619 352 3704 etBarroir,
374 3639 408 3710 p.
430 3618 486 3689 98.
511 3621 613 3690 Nunc
634 3620 740 3690 etiam
764 3630 952 3709 supersunt
976 3622 1045 3713 (fol.
1072 3623 1104 3712 t)
1132 3621 1368 3712 inscriptionis

157 3735 285 3805 veteris
312 3735 464 3826 vestigia
494 3752 502 3803 :
534 3761 552 3798 «
582 3735 648 3806 Hic
671 3736 678 3828 Ι
702 3744 757 3808 est
778 3739 785 3827 Ι
809 3736 898 3808 liber
921 3738 926 3828 Ι
950 3738 1063 3808 sancti
1087 3739 1093 3828 Ι
1117 3735 1321 3827 Belneldiclti
1345 3740 1352 3827 l

159 3849 413 3941 Flolrialcenlsis
434 3878 466 3936 s,
488 3850 609 3921 eodem
645 3851 717 3923 fere
750 3852 851 3923 modo
881 3874 949 3944 quo
985 3854 1076 3923 infra
1107 3851 1306 3924 videbimus
1333 3851 1370 3921 in

161 3964 275 4037 codice
294 3965 470 4058 Fulgentii
489 3967 655 4038 Vaticano
676 3967 760 4060 (tab.
780 3971 913 4060 XXX)..

189 4214 213 4266 1.
230 4213 306 4265 corr.
322 4213 469 4269 videbatur.

188 4290 213 4341 2.
226 4290 304 4342 Prius
315 4293 429 4358 requiri,
444 4293 536 4345 deinde
550 4308 621 4346 corr.
633 4296 756 4360 requiro.

189 4368 215 4423 3.
233 4370 308 4426 corr.
324 4373 472 4438 accepistis.
702 4391 705 4397 ’
