3082 5386
161 371 201 437 ii
591 389 743 437 oretanis
764 387 952 436 scararum.

161 561 282 614 secreta
295 557 383 630 regni
396 556 534 629 benigne
549 558 659 628 aperit.
675 558 757 616 Huic
768 558 905 631 inquens
921 575 928 616 :
944 559 1080 629 pecunia
1093 564 1151 616 tua

164 660 267 712 tecum
283 656 373 712 sitin
386 653 571 727 perditione,
587 670 642 726 per
655 655 806 713 districtae
821 655 1033 713 damnationis
1048 671 1119 713 sen-

163 753 294 809 tentiam
308 753 453 809 caelestis
467 754 558 810 aulae
571 751 694 810 aditum
711 751 855 810 claudit?
868 754 927 819 Qui
942 754 1049 811 cuncti
1064 759 1190 824 aposto·

161 851 184 907 li
199 850 263 906 nisi
279 855 404 907 mactae
418 850 569 908 ecclesiae
585 851 666 906 ostia
678 851 849 921 exsistunt,
862 852 940 909 Cum
954 865 1062 908 vocem
1076 850 1251 923 redempto·

906 949 950 1004 ris
965 949 1016 1006 sui
1030 949 1169 1007 audiunt

512 1045 696 1117 Oluaterrtio]
714 1047 747 1101 V.

207 1275 324 1347 Codex
339 1275 421 1346 olim
434 1277 546 1346 sancti
561 1275 740 1348 Benedicti
755 1275 999 1361 Plorucensis,
1018 1276 1148 1348 deinde
1158 1277 1273 1348 sancti
1291 1279 1375 1350 Petri

159 1391 399 1476 Camotensis,
412 1391 555 1462 atribus
567 1392 692 1463 scribis
706 1398 871 1462 exaratus
886 1398 951 1475 est,
969 1413 1106 1483 quoque
1121 1394 1251 1465 seriem
1263 1415 1377 1466 nume·

159 1527 277 1578 rorum
287 1506 573 1599 quaternionibus
583 1509 657 1580 suis
667 1516 874 1598 apponente.
893 1508 1031 1578 Primus
1041 1509 1137 1580 enim
1148 1513 1243 1596 l-1X‚
1258 1531 1379 1584 secun

159 1623 227 1695 dus
247 1623 375 1694 iterum
392 1625 513 1707 l·VlIl,
535 1625 658 1695 tertius
675 1626 767 1695 l·Vll
782 1623 931 1694 absolvit
947 1625 1169 1717 signavitque
1184 1629 1379 1718 quaternio

159 1760 235 1811 nes.
260 1738 477 1830 Scripturam
496 1740 599 1830 primi
618 1740 737 1810 tabula
755 1743 810 1824 LI,
833 1740 977 1812 secundi
996 1740 1067 1811 tab.
1086 1746 1377 1834 Lrepraesentat.

160 1852 273 1923 Ambo
293 1853 456 1945 exempla
475 1854 615 1943 generis
635 1856 774 1926 saeculo
793 1865 915 1927 octavo
933 1857 1091 1949 usurpati
1110 1857 1149 1928 in
1166 1859 1380 1933 Floriacensi

160 1968 325 2039 coenobio
345 1968 525 2061 praebent.

203 2086 360 2175 Uterque
397 2085 513 2156 scriba
548 2085 683 2158 litteras
718 2112 736 2157 e
773 2095 809 2159 et
836 2089 851 2155 i
879 2108 1063 2180 perperam
1089 2090 1289 2179 confundit3
1320 2095 1382 2185 qui

160 2197 302 2270 tabulae
321 2202 364 2270 LI
383 2207 520 2272 textum
540 2203 700 2274 exaravit
724 2204 811 2274 miro
837 2211 1007 2295 punctum
1028 2205 1249 2298 interrogans
1278 2208 1381 2280 modo

161 2313 386 2406 significavit.

638 2683 812 2752 TABVLA
835 2687 894 2753 LII

201 2940 347 3010 Oxorur.
375 2939 610 3012 Bibliothecae
637 2941 845 3013 Bodleianae
872 2941 947 3012 cod.
978 2943 1101 3013 Laudii
1128 2944 1262 3016 Miscel.
1296 2945 1374 3031 126,

158 3051 216 3122 iol.
237 3053 257 3122 2
279 3070 287 3122 :
309 3055 542 3146 Augustinus,
560 3056 721 3149 Epistula
740 3057 801 3126 171
826 3056 891 3146 [ed.
913 3060 1057 3145 Gaume,
1078 3062 1121 3145 ΙΙ,
1143 3060 1235 3150 ortt

192 3268 382 3332 DOMINO
422 3271 609 3335 BEATIS-

192 3370 298 3428 snio
334 3372 386 3429 ET
423 3373 735 3431 SINGERISSIMA
771 3373 890 3432 CARI-

76 3524 80 3530 ,
192 3472 256 3526 tate
270 3468 448 3528 venerando
463 3476 568 3528 sancto
583 3470 668 3529 tratri
678 3477 710 3529 et
724 3471 937 3529 consacerdoti

192 3582 291 3642 papae
303 3567 431 3626 Aurelio
445 3568 650 3640 Augustinus
660 3569 695 3625 in
707 3569 839 3627 Domino
852 3571 998 3627 salutem.
1014 3571 1059 3626 De
1074 3570 1165 3627 trini-

192 3673 256 3726 tate
270 3681 351 3739 quae
364 3667 446 3724 Deus
459 3679 603 3724 summus
618 3672 650 3723 et
660 3682 755 3725 verus
769 3673 818 3726 est
831 3668 926 3725 libros
936 3668 1066 3741 juvenis
1079 3669 1213 3741 incoavi,
1229 3684 1327 3728 senex

191 3765 287 3824 edidi.
304 3764 477 3822 Omiseram
492 3765 609 3837 quippe
623 3764 777 3837 hocopus
791 3771 1006 3839 posteaquam
1021 3768 1155 3839 comperi
1168 3783 1313 3841 praerep-

192 3870 242 3923 tos
256 3863 336 3921 mihi
351 3877 421 3920 esse
435 3863 502 3920 sive
517 3862 683 3934 subreptos
698 3869 770 3921 ante
785 3878 881 3936 quam
895 3879 949 3922 eos
961 3864 1155 3922 absolverem
1168 3870 1200 3922 et

192 3965 373 4020 retractatos
387 3965 425 4017 ut
438 3974 509 4017 mea
520 3959 684 4032 dispositio
698 3961 800 4019 fuerat
813 3962 992 4032 expolirem.
1011 3963 1080 4020 Non
1094 3963 1180 4020 enim

193 4057 381 4131 singillatim
396 4056 452 4114 sed
466 4072 576 4115 omnes
588 4059 685 4115 simul
698 4058 789 4116 edere
804 4074 841 4116 ea
854 4059 974 4117 ratione
988 4058 1185 4123 decreveram

193 4155 344 4231 quoniam
358 4153 619 4225 praecedentibus
634 4161 863 4228 consequentes
877 4156 1084 4229 inquisitione
1095 4171 1167 4228 pro-

193 4254 320 4313 ficiente
334 4257 517 4311 nectuntur.
533 4254 612 4311 Cum
626 4268 700 4326 ergo
714 4269 769 4325 per
779 4268 834 4312 eos
847 4254 993 4312 homines
1005 4255 1062 4327 qui
1074 4256 1164 4326 prius

193 4367 290 4427 quam
304 4352 419 4410 vellem
434 4349 474 4408 ad
488 4350 642 4424 quosdam
655 4352 784 4410 illorum
797 4352 959 4423 pervenire
973 4357 1154 4425 potuerunt,

194 4450 400 4521 dispositione
414 4463 486 4506 mea
500 4450 697 4521 nequivisset
708 4450 842 4521 impleri,
858 4450 1066 4520 interruptam
1079 4449 1176 4508 dicta-

195 4549 313 4605 tionem
327 4547 525 4619 reliqueram,
540 4547 683 4619 cogitans
696 4546 756 4605 hoc
769 4549 876 4618 ipsum
887 4547 922 4604 in
936 4547 1097 4620 aliquibus
1112 4549 1207 4622 scrip-

194 4646 236 4704 tis
250 4647 331 4705 meis
345 4644 495 4718 conqueri
510 4649 547 4702 ut
559 4646 676 4704 scirent
688 4645 743 4718 qui
758 4650 888 4734 possent
901 4660 965 4703 non
979 4659 999 4702 a
1012 4659 1062 4702 me
1074 4644 1175 4705 luisse
