3082 5386
263 430 304 496 tt
689 445 842 495 usmsus
862 444 1048 494 summust.

266 615 382 688 scriba
400 637 470 686 non
488 636 565 686 raro
583 635 709 687 versus
727 614 896 708 plurimos
910 614 967 686 vel
987 613 1135 706 paginas
1153 633 1284 684 vacuas
1303 610 1508 703 relinque-

263 739 328 804 ret.
357 731 548 802 Pessimam
575 731 741 823 temporis
766 729 1062 822 orthographiam,
1090 728 1295 820 praesertim
1321 751 1340 796 e
1367 749 1432 820 pro
1455 728 1471 794 i
1478 780 1501 811 ,

265 871 289 916 a
307 867 368 938 pro
384 869 415 933 o,
432 854 603 918 corrector
622 846 793 938 posterius
811 846 975 916 mutavit.
996 842 1288 924 Quatemionihus
1308 843 1347 913 in
1366 843 1510 914 medio

265 1078 416 1171 scriptus
434 1079 510 1149 luit.

699 1354 874 1424 TABVLA
892 1355 1041 1424 XXXIV

311 1579 528 1648 honustum.
554 1573 790 1647 Bibliothecae
814 1572 964 1646 civitatis
989 1575 1100 1646 codex
1127 1582 1165 1644 11ο
1191 1574 1232 1645 16
1258 1573 1374 1666 (nunc
1408 1575 1484 1667 19),

268 1693 326 1765 fol.
348 1693 386 1763 tl
413 1711 421 1763 :
442 1691 627 1786 Prophetia
643 1690 843 1776 Ezechielis,
858 1712 935 1783 cap.
956 1694 1077 1776 XLIV,
1096 1691 1262 1777 25·XLV‚
1283 1692 1317 1761 t.

263 1877 297 1932 et
307 1871 347 1931 ad
360 1876 521 1931 mortuum
535 1871 697 1928 hominem

333 1985 398 2028 non
412 1969 630 2043 ingredientur
642 1983 682 2026 ne

335 2069 528 2143 polluantur,

266 2167 329 2224 nisl
343 2166 384 2225 ad
395 2173 515 2239 patrem
528 2171 561 2224 et
571 2172 703 2223 matrem

334 2267 366 2318 et
380 2260 482 2319 fllium
496 2267 528 2318 et
542 2260 639 2318 filiam
652 2265 684 2318 et
698 2258 757 2318 lra-

334 2364 414 2416 trem
428 2366 460 2416 et
474 2373 609 2416 sororem
624 2373 705 2432 quaa

333 2458 467 2515 alterum
481 2458 585 2516 virum
603 2471 668 2514 non
681 2456 739 2514 ha·

332 2553 413 2623 huit,
429 2556 463 2613 in
478 2554 592 2628 quihus
606 2555 799 2614 contamina-

334 2650 464 2724 huntur,

256 2751 297 2806 ¹et
309 2753 478 2821 postquam
492 2748 587 2807 luerit
600 2764 710 2808 emun-

335 2846 429 2904 datus
443 2852 565 2919 septem
579 2846 647 2905 dics
660 2861 720 2905 nu·

334 2943 541 3004 morabuntur
554 2946 594 3014 ei,

264 3049 298 3103 st
310 3045 345 3102 in
358 3043 410 3102 die
423 3045 573 3103 introitus
587 3044 637 3102 sui
652 3044 686 3101 in

334 3143 547 3201 sanctuarium
565 3141 605 3199 ad
624 3142 739 3199 atrium

334 3241 479 3312 interius,

263 3344 301 3397 ut
312 3338 517 3412 ministrelnlt
528 3337 609 3396 mihi
622 3338 657 3395 in
671 3341 794 3395 sanctu·

333 3438 398 3495 ario

263 3532 371 3592 offeret
384 3549 439 3607 pro
452 3541 579 3608 peccato
594 3551 662 3609 suo,

332 3637 378 3692 ait
390 3635 539 3692 Dooainus
552 3635 634 3693 Deus

262 3733 350 3806 [Non]
369 3734 429 3790 erit
441 3737 548 3790 autem
562 3734 609 3791 eis
623 3731 791 3803 hereditas,

263 3841 321 3900 ego
335 3826 494 3884 hareditas
507 3842 616 3885 eorum

262 3930 294 3982 et
306 3926 540 3998 possessionem
553 3941 617 3984 non
632 3926 718 3984 dahi-

331 4023 374 4080 tis
388 4024 481 4081 eisin
494 4023 618 4096 Israhel,
632 4039 689 4097 ego
705 4025 792 4083 enim

332 4124 490 4194 possessio
504 4133 632 4195 eorum;

262 4219 424 4278 victimam
438 4227 471 4278 et
483 4236 538 4293 pro
552 4226 679 4293 peccato

333 4326 433 4401 etpro
447 4318 561 4377 delicto
575 4320 636 4391 ipsi
651 4333 752 4376 come-

334 4417 411 4474 dant
424 4422 456 4474 et
469 4416 617 4489 omnelm)
628 4421 738 4475 votum

334 4516 368 4571 in
380 4513 494 4572 Israhel
508 4515 649 4586 ipsorum
663 4513 732 4586 erit,

262 4618 295 4671 et
307 4611 468 4685 primitiva
481 4612 623 4668 omnium
633 4612 694 4682 pri·

332 4709 563 4783 mogenitorum
575 4715 607 4767 ct
621 4723 685 4766 om-

899 1875 968 1928 tum
983 1870 1117 1928 abestia
1130 1870 1169 1927 de
1183 1869 1294 1928 avibus
1306 1876 1341 1929 at

970 1968 1008 2026 de
1020 1968 1181 2041 pecoribus
1191 1984 1255 2027 non
1269 1983 1377 2028 comc-¹

969 2068 1046 2124 dant
1060 2067 1246 2126 sacerdotes.

899 2166 1036 2237 Cumque
1049 2166 1212 2237 coeperitis
1227 2171 1342 2224 terram

970 2262 1108 2322 dividere
1122 2263 1161 2321 de
1173 2266 1293 2336 sortito,
1309 2279 1357 2322 se-

969 2367 1074 2433 parate
1088 2362 1243 2434 primitias
1257 2362 1400 2435 Domino,

900 2457 1129 2517 sanctificatum
1142 2457 1181 2516 de
1195 2464 1285 2532 terra,
1301 2460 1401 2533 longi·

970 2555 1080 2614 tudine
1092 2558 1206 2630 viginti
1220 2557 1360 2630 quinque

969 2656 1059 2714 milia
1072 2661 1105 2714 et
1117 2655 1286 2713 latitudine

969 2753 1077 2812 dacem
1092 2755 1190 2828 milia,

899 2850 1128 2910 sanctificatum
1142 2853 1201 2909 erit
1213 2852 1347 2911 inomni

968 2950 1103 3009 termino
1117 2950 1187 3024 eius
1201 2965 1257 3023 per
1269 2951 1330 3009 cir·

970 3048 1092 3106 cuitum

899 3151 931 3203 et
941 3146 1001 3202 crit
1013 3160 1053 3202 ex
1066 3146 1153 3203 omni
1171 3151 1258 3218 parte
1272 3143 1412 3204 sonctifi-

969 3249 1075 3301 catum
1089 3243 1280 3316 quingentos
1293 3257 1350 3315 per

968 3340 1171 3413 quingentos,
1184 3338 1344 3412 quadrila-

968 3437 1047 3494 riam
1061 3452 1117 3509 per
1129 3437 1316 3507 circuitum3

899 3539 932 3590 et
943 3534 1177 3608 quinquaginta
1190 3535 1307 3593 cubitis

970 3633 1004 3689 in
1019 3632 1202 3690 suburbana
1215 3632 1286 3706 eius

968 3745 1024 3802 Per
1035 3745 1151 3804 gyrum

898 3833 931 3885 et
943 3843 962 3886 a
975 3843 1124 3886 mansura
1136 3831 1199 3887 ista
1210 3843 1339 3888 mensu-

968 3927 1052 3984 rahis
1066 3925 1299 4000 longitudinem

968 4025 1083 4096 viginti
1097 4025 1235 4097 quinque
1243 4025 1369 4082 milium

967 4130 999 4180 et
1010 4122 1211 4181 latitudinem
1225 4123 1333 4181 decem

970 4221 1105 4293 milium,

897 4324 930 4377 et
943 4321 976 4377 in
991 4321 1060 4392 ipso
1074 4321 1133 4376 erit
1147 4321 1301 4391 templum

968 4423 1172 4490 sanctumque
1185 4424 1364 4476 sanctorum

898 4514 1126 4573 sanctificatum
1142 4514 1180 4572 de
1195 4521 1276 4574 terra
1287 4518 1347 4573 erit

966 4613 1175 4671 sacerdotibus
1189 4615 1343 4673 ministris

968 4714 1148 4785 sanctuarii,
1164 4714 1240 4786 quia
1253 4713 1410 4774 accedunt
