3082 5386
597 429 725 479 OCTAVO
746 429 906 480 SAEGULO·

190 601 425 671 praenotatione
438 599 633 673 signaremus
641 618 651 668 ,·
664 599 756 673 cnjus
770 599 814 657 rei
828 598 953 670 pondus
964 615 1104 658 mearum
1116 616 1167 659 ore

189 697 300 753 virium
315 696 589 768 inpossibilitatem
603 710 750 769 pensans,
765 697 797 753 in
811 697 939 768 ancipiti
954 695 1144 768 depraehen-

187 807 241 851 eus
256 795 341 851 sicut
355 799 453 851 nauta
466 793 593 866 gravilsl
608 793 761 851 fluctuum
775 794 910 865 procella
923 793 1077 867 turbatur,
1093 794 1135 852 ad

186 891 363 949 orationum
376 891 446 964 ejus
460 895 584 962 portum
597 904 715 961 pavens
730 891 825 948 faleor
839 889 999 964 fidensque
1013 891 1150 965 confugi.

163 976 274 1048 Sciens
290 987 474 1060 inpossibile
488 1003 551 1044 nou
565 987 629 1045 fore
643 986 747 1061 quod·
761 993 849 1046 tanto
863 988 942 1046 mihi
956 989 1114 1060 praesole¹
1132 994 1169 1047 ut

187 1102 236 1144 res
252 1085 292 1144 ad
306 1087 478 1143 multorum
489 1083 735 1143 aedificationem
747 1084 910 1157 protutura
923 1085 990 1143 ilerl
1001 1085 1096 1159 jube-

187 1190 282 1241 retur.
298 1183 428 1254 Moxque
441 1180 502 1239 hoc
515 1183 648 1253 imperat
661 1195 729 1254 nos,
744 1181 892 1254 suffragio
905 1187 1091 1254 provocatus

189 1278 361 1338 adsumens
375 1292 438 1350 quo
451 1279 538 1336 valui
552 1277 659 1336 studia
669 1279 783 1336 veteris
797 1292 833 1336 aa
847 1279 921 1336 novi
934 1280 1136 1351 Testamenti,

189 1377 222 1433 in
236 1392 338 1435 unum
352 1377 533 1433 testimonia
546 1382 695 1448 congesta
708 1376 819 1449 collegi
831 1376 953 1448 aeliam,
968 1391 1030 1432 noc
1045 1378 1147 1434 solum
1160 1392 1223 1434 noo
1240 1376 1279 1435 de

190 1474 272 1531 beati
286 1473 560 1545 superpositione,
576 1472 632 1530 sed
646 1487 704 1531 neo
717 1471 756 1531 de
769 1473 840 1531 aliis
854 1473 924 1546 eius
939 1474 1101 1544 opusculis
1116 1475 1206 1548 quic-

189 1586 283 1644 quam
297 1572 414 1642 curavi,
430 1571 514 1628 sicut
527 1571 615 1641 prius
630 1570 728 1628 facere
742 1584 911 1642 coeperam,
927 1572 1107 1643 neglectum
1120 1585 1168 1628 re·

189 1670 340 1742 linquere,
356 1682 437 1740 quae
451 1666 527 1725 dum
541 1666 697 1738 dispersae
711 1668 794 1726 elcut
812 1668 929 1740 quippe
942 1667 1085 1740 trelperta
1098 1668 1223 1726 fuerant

156 1829 170 1840 ‚
189 1767 221 1823 in
233 1765 335 1823 scedis
350 1766 418 1823 sule
432 1765 529 1824 relata
543 1769 794 1822 transcurrerem.
806 1758 918 1822 Vieu'm
930 1765 1010 1823 mlhi
1023 1770 1067 1822 ert
1083 1765 1156 1823 licet

189 1867 269 1920 esset
283 1861 399 1920 laboris
413 1862 563 1921 inmodici
577 1866 614 1921 ut
626 1861 724 1920 nnius
739 1862 891 1936 cujusque
904 1863 949 1920 rel
963 1863 1146 1921 testimonia
1259 1891 1262 1896 ·

185 1961 277 2035 Juxta
290 1959 372 2034 quod
385 1962 419 2019 in
433 1961 503 2019 suis
516 1975 556 2019 ex
568 1959 676 2018 ordine
689 1966 762 2018 seut
773 1961 835 2019 sita
848 1958 1016 2034 codicibus,
1029 1975 1084 2034 per
1097 1960 1193 2020 libros
1207 1971 1283 2020 suos
1297 1959 1365 2020 orell

196 2196 246 2263 De
274 2212 314 2262 eo
342 2190 460 2263 codice
485 2189 567 2260 olim
596 2188 817 2276 Floriaccnsi,
847 2196 968 2282 postca
993 2202 1033 2260 n⁰
1063 2191 1102 2260 51
1132 2189 1301 2283 insignito
1327 2190 1367 2263 in

160 2306 399 2379 Aurelianensi
421 2304 643 2391 bibliotheca,
663 2306 736 2375 vid.
767 2306 978 2397 Leopoldum
1005 2306 1154 2392 Delisle,
1176 2303 1365 2400 Gatatoqu'c

160 2417 210 2487 des
232 2442 309 2488 mss.
335 2418 383 2486 du
408 2418 511 2508 fonds
539 2417 644 2502 Libri,
669 2441 704 2511 p.
731 2418 846 2490 28-31.
869 2418 975 2489 Tituli
1000 2418 1208 2511 capitalibus
1236 2418 1363 2506 rubrio,

160 2532 338 2619 viridibus,
359 2533 463 2602 ssavis
482 2540 660 2603 ornantur.
1240 2515 1242 2519 ¹
1291 2535 1295 2544 “

197 2650 333 2720 Priores
352 2648 442 2720 duce
461 2649 609 2740 paginae
629 2647 698 2741 (iol.
721 2649 736 2717 l
758 2657 795 2718 v⁰
814 2656 849 2719 et
867 2648 887 2718 2
907 2648 947 2739 ν’)
968 2647 1061 2719 solae
1079 2646 1366 2721 semiuuoinlibns

159 2759 291 2849 litteris,
307 2764 463 2855 reliquae
476 2764 683 2834 minusculis
701 2770 901 2835 exerantur.
923 2762 1107 2854 Speoimen
1126 2762 1221 2835 dedit
1241 2766 1281 2835 L.
1301 2767 1366 2836 De-

159 2874 245 2964 lislc,
271 2879 341 2949 ll.
373 2878 457 2970 (lah.
483 2882 525 2964 V,
545 2880 588 2948 nr.
610 2880 626 2948 l
654 2886 690 2949 et
712 2878 760 2969 l),
782 2878 843 2970 qui
865 2879 903 2947 in
925 2876 1063 2969 paginis
1089 2877 1107 2948 3
1127 2888 1163 2949 v⁰
1182 2899 1223 2950 nc
1243 2879 1307 2951 180
1327 2888 1365 2951 v⁰

159 2991 415 3084 inscriptionem
435 3016 456 3064 a
474 2995 550 3066 lure
569 2993 798 3065 adulteratam
816 2993 927 3085 legit:
951 3020 968 3056 «
988 2993 1054 3062 Hic
1072 3001 1125 3064 est
1143 2992 1233 3065 liber
1252 2995 1365 3066 sancti

159 3109 335 3180 Benedicti
354 3109 489 3181 abbatis
507 3109 736 3182 Floriaocnsis
749 3109 963 3181 monasterii.
979 3108 1074 3180 Dodo
1087 3109 1163 3181 fieri
1178 3109 1326 3202 rogavit.
1346 3138 1364 3177 o

198 3225 358 3296 Notanda
388 3234 441 3296 cst
465 3224 591 3296 lineola
618 3246 699 3295 cum
725 3232 871 3317 puncto,
902 3243 972 3294 non
997 3222 1130 3316 ubique
1159 3225 1362 3318 sedsaepe,

159 3339 199 3408 ed
221 3363 255 3408 m
278 3361 500 3433 suppressam
519 3340 783 3432 exprimendam
802 3339 967 3410 adhibita.
990 3339 1056 3420 Qui
1084 3341 1207 3410 modus
1234 3341 1366 3412 diutius

157 3453 192 3523 in
210 3455 417 3527 Floriacensi
439 3478 544 3549 quam
559 3456 597 3525 in
611 3454 735 3526 ceteris
753 3453 929 3526 coenobiis
946 3454 1105 3546 viguisse
1122 3455 1274 3528 videtur.

186 3703 212 3755 l.
233 3704 456 3770 comportante.
