3082 5386
171 418 231 484 ros
560 429 788 479 sicutnumerus
808 427 996 478 summurn.

206 617 316 662 eorum
330 600 499 660 advenerat
511 615 575 659 non
590 599 711 673 punire,
727 599 811 657 sicut
824 604 856 656 et
869 599 937 670 ipse
954 599 1090 656 salvator

171 719 185 753 a
207 701 252 760 ait
268 718 274 758 :
291 698 377 758 iilius
391 699 530 757 hominis
543 699 632 756 venit
645 711 793 771 quaerere
807 702 839 753 et
853 697 979 755 salvum
991 692 1092 755 lacere
1108 694 1193 769 quod

169 817 184 851 e
205 799 347 872 perierat.
363 797 416 856 Ait
430 797 525 855 etiam
536 795 734 869 euangelista
749 812 756 852 ε
778 794 881 853 stabat
894 794 1008 852 thuus
1020 800 1053 851 et
1066 793 1245 865 clamabiat]

204 893 314 952 dicens
328 910 336 952 ε
352 893 383 952 Si
398 894 471 967 quis
486 893 563 963 sitit,
576 890 684 949 veniat
697 896 729 948 et
742 890 840 961 bibat,
856 891 970 962 etipse
985 891 1122 949 salvator
1135 891 1279 948 invitans

203 993 249 1050 lta
262 992 306 1051 ait
322 1006 329 1044 ε
343 992 450 1049 venite
463 988 504 1048 ad
517 1004 568 1047 me
583 1003 692 1047 omnes
706 990 761 1062 qui
776 988 925 1046 laboratis
939 994 971 1046 et
987 988 1152 1060 (hlonerati

171 1110 186 1144 e
207 1090 287 1148 estis
300 1096 332 1146 et
345 1103 404 1162 ego
417 1086 554 1146 reficiam
568 1101 634 1145 vos.
707 1089 812 1145 Frater
826 1086 871 1145 lui
887 1085 1058 1144 draconum
1072 1092 1105 1144 et
1117 1100 1168 1144 so-

167 1207 182 1244 «
204 1189 273 1247 cius
288 1187 513 1246 struthionum.
528 1184 665 1243 ludaeos
678 1186 712 1242 in
727 1186 893 1257 euangelio
907 1185 1057 1242 Dominus
1071 1183 1216 1257 trequen-

204 1293 252 1345 ter
265 1290 426 1358 serpentes
441 1285 578 1356 appellat
590 1288 622 1341 et
636 1285 760 1355 viperas
773 1283 819 1341 ita
831 1281 941 1342 dicens
957 1301 965 1341 ι
981 1288 1145 1354 serpentes

204 1385 366 1457 genimina
379 1383 566 1454 viperarum,
583 1386 614 1438 et
628 1396 683 1452 per
696 1380 881 1453 prophetam
894 1382 939 1437 ait
955 1397 962 1437 :
978 1394 1037 1438 ova
1051 1394 1101 1438 as-

202 1481 313 1555 pidum
327 1485 533 1552 erumperunt
546 1494 620 1538 cum
635 1479 790 1536 malorum
805 1478 1039 1552 generationem

201 1578 404 1650 multiplicari
418 1576 547 1635 videret.
561 1579 642 1635 Item
655 1577 810 1648 propheta
827 1576 919 1648 [alius
934 1575 1019 1647 dicit]
1037 1592 1044 1632 :
1060 1575 1157 1633 Furor
1168 1572 1238 1632 dra·

202 1690 318 1734 conum
332 1677 444 1733 vinum
456 1689 565 1734 eorum
579 1680 612 1732 et
625 1674 709 1733 furor
722 1673 870 1746 aspidum
886 1673 1075 1732 insanabilis

200 1773 257 1831 sed
271 1772 384 1832 idcirco
400 1773 525 1831 tratrem
539 1787 648 1830 eorum
663 1788 697 1830 se
708 1773 916 1845 nuncupavit,
934 1772 1083 1845 quoniam
1098 1770 1137 1829 de
1152 1785 1260 1828 eorum

201 1884 320 1943 genere
334 1869 510 1928 secundum
525 1884 649 1928 carnem
664 1874 713 1927 est
726 1876 917 1941 procreatus,
933 1869 1105 1942 dequibus

199 1969 267 2041 ipse
282 1969 418 2027 salvator
431 1969 476 2027 ait
487 1969 520 2026 in
534 1969 656 2040 psalmo
672 1985 679 2025 :
694 1974 783 2026 exter
796 1967 899 2027 iactus
915 1982 989 2026 eum
1003 1967 1150 2026 iratribus

736 2067 816 2125 meis

210 2283 301 2353 inira
320 2288 492 2353 corrector
510 2280 640 2351 omissa
659 2280 811 2352 restituit
831 2304 840 2351 ε

166 2397 231 2470 hoc
247 2419 335 2488 poue
354 2418 366 2465 .·
384 2404 643 2487 praevenerunt
661 2416 717 2467 me
736 2395 810 2467 dies
829 2393 1050 2466 adflictionis.
1067 2393 1149 2464 Die's
1169 2391 1383 2463 adflictionis

164 2513 202 2582 in
219 2513 275 2583 die
289 2511 414 2604 judicii
433 2520 535 2585 erunt
554 2512 590 2582 in
609 2512 734 2603 quibus
752 2510 955 2603 praedictam
973 2516 1113 2600 gentem
1131 2517 1146 2593 ll
1164 2508 1382 2579 indicaturus

164 2648 256 2696 sum.
274 2626 341 2697 Sed
359 2634 478 2697 tamen
495 2646 589 2698 nunc
608 2634 644 2697 et
661 2627 698 2696 in
716 2625 782 2696 hoc
800 2636 956 2717 tempore
973 2624 1080 2695 nimis
1098 2623 1289 2693 sceleribus
1307 2623 1380 2693 suis

164 2750 422 2832 praevenerunt
440 2762 509 2824 me,
523 2750 537 2824 ΙΙ
549 2750 588 2812 ut
606 2741 800 2814 secundum
824 2740 950 2811 initum
965 2739 1138 2832 judicium
1158 2758 1277 2808 meum
1301 2738 1378 2808 red-

165 2856 246 2927 dum
254 2906 352 2926 .....

208 2974 249 3041 In
267 2970 424 3061 margine
441 2988 449 3039 :
472 2971 703 3063 Hieronymus
717 3011 760 3026 -
781 2974 920 3064 Moyses
934 3010 977 3024 -
991 2969 1083 3063 quod
1099 2967 1256 3039 Christus
1275 2968 1381 3037 irater

173 3091 192 3168 ll
203 3086 269 3156 luit
287 3086 389 3157 draco
401 3097 419 3174 n
431 3108 515 3158 num
534 3093 568 3158 et
586 3086 701 3157 socius
718 3095 794 3157 stru
806 3098 821 3176 Η
834 3088 978 3158 tionum.

201 3271 367 3363 Ejusdem
386 3273 513 3343 codicis
532 3274 588 3344 iol.
607 3272 671 3344 160
690 3286 754 3345 v·:
796 3325 802 3338 .

161 3442 249 3499 llevit
271 3441 383 3515 inquid
407 3442 535 3515 spiritus
558 3443 628 3516 ejus
651 3449 683 3500 et
703 3444 803 3500 fluent
826 3457 926 3516 aquae
949 3441 1055 3521 idest
1077 3445 1237 3501 resolven-

161 3543 213 3595 tur
226 3544 258 3595 et
271 3538 419 3611 defluent,
434 3539 489 3597 sed
503 3541 570 3597 sive
584 3540 636 3598 bic
650 3541 744 3597 flante
758 3542 818 3597 Deo
833 3541 900 3598 sive
915 3541 948 3598 in
962 3541 1084 3612 psalmo
1132 3608 1134 3613 k

159 3635 247 3694 tiabit
274 3635 404 3708 spiritus
424 3636 556 3710 iubente
583 3639 645 3696 Deo
674 3639 741 3696 sive
765 3637 891 3712 jubebit
912 3637 1052 3710 spiritus,
1067 3637 1250 3711 intellegere
1265 3653 1378 3711 possu-

158 3747 231 3790 mus
244 3739 276 3790 et
289 3732 374 3806 quod
387 3734 440 3792 bic
454 3734 567 3792 dixerit
581 3741 758 3794 concrescet
771 3737 855 3808 gelu,
871 3734 931 3794 hoc
943 3736 978 3793 in
989 3735 1114 3807 psalmo

159 3830 312 3901 superiori
327 3832 479 3889 versiculo
494 3849 500 3888 :
518 3832 642 3890 emittet
657 3833 842 3904 crystallum
857 3847 953 3890 suum
976 3835 1059 3891 sicut

159 3927 261 3985 irusta
285 3929 386 4000 panis,
417 3930 461 3986 ita
487 3935 594 3986 autem
622 3930 752 3987 hiemali
780 3935 918 4001 tempore
946 3931 1094 3989 novimus

160 4030 197 4082 ut
209 4024 304 4082 tlante
318 4025 352 4089 id
369 4031 418 4083 est
428 4026 561 4101 iubente
575 4028 637 4084 Deo
652 4029 750 4084 nimio
770 4028 882 4102 frigore
897 4028 1071 4088 densentur

160 4124 211 4179 vel
225 4123 321 4179 etiam
335 4130 537 4181 concrescant
552 4138 652 4197 aquae
664 4130 696 4181 et
709 4125 824 4182 iterum
839 4131 979 4198 tempore

158 4220 242 4277 veris
257 4222 455 4278 resolvantur
468 4220 646 4279 secundnm
661 4224 814 4294 mysticos
827 4223 1008 4281 intellectus
1023 4225 1057 4281 in
1172 4267 1176 4276 .

158 4317 335 4389 praeteritis
350 4318 540 4389 temporibus
557 4319 610 4391 [et]
626 4320 877 4392 generationibus
891 4320 931 4378 ob
944 4323 1093 4380 meritum

159 4431 255 4474 suum
269 4416 467 4488 relinquente
480 4418 540 4474 Deo
556 4431 657 4489 genus
673 4419 851 4475 humanum
864 4419 941 4476 flatu
961 4421 1022 4476 oris
1037 4421 1092 4477 Dei

159 4519 190 4571 et
212 4514 354 4587 Justitiae
381 4514 451 4586 ejus
487 4520 635 4571 manente
659 4516 817 4572 sententia
842 4515 919 4574 dum
946 4524 1124 4576 removetur

160 4612 198 4668 ab
223 4612 294 4684 igne
322 4610 429 4670 divino
457 4613 561 4669 omnis
587 4616 728 4670 creatura
751 4619 893 4672 concreta
913 4619 962 4672 est
979 4621 1140 4687 tamquam

161 4708 236 4780 gelu
247 4713 279 4764 et
305 4722 325 4765 a
339 4722 413 4766 vera
423 4709 477 4766 Dei
492 4709 670 4781 cognitione
684 4710 805 4782 trigoris
824 4711 875 4769 sui
889 4711 1092 4771 inmensitate
