3082 5386
610 423 743 474 emmo
764 425 923 475 sarcum.

293 593 415 666 berunt,
431 607 527 667 quam
542 594 698 654 scribtura
711 596 848 669 appellat
860 596 959 654 vitam
972 600 1141 653 aeternam.

293 693 410 749 Tantus
423 693 508 750 enim
524 692 673 765 splendor
690 693 867 752 honestatis
885 698 987 751 estut
1004 693 1103 750 vitam
1117 691 1242 750 beatam

294 785 432 845 efficiant
445 789 659 861 tranquillitas
674 791 884 848 conscientiae
898 796 929 847 et
944 789 1096 846 securitas

293 884 466 958 (securitas)
481 887 690 959 innocentiae,
706 893 739 944 et
750 887 821 945 ideo
835 889 919 945 sicut
932 893 1059 945 exortus
1073 888 1120 945 sol
1134 889 1182 945 lu·

293 997 350 1040 nae
363 983 494 1056 globum
508 989 540 1041 et
553 986 649 1042 citera
662 986 818 1043 stillarum
833 984 1002 1044 abscundit
1011 987 1143 1058 lumina,
1159 987 1204 1042 ita

294 1068 395 1153 fulgor
408 1080 595 1154 honestatis,
610 1081 688 1155 ub[i]
704 1083 789 1140 viro¹
805 1088 837 1139 et
851 1083 1029 1154 incorrupto
1043 1082 1145 1140 vibrat
1157 1083 1209 1140 de-

294 1192 371 1251 core,
387 1179 483 1236 citera
496 1194 577 1252 quae
591 1184 744 1252 putantur
756 1179 839 1237 bona
851 1180 1029 1239 secundum
1041 1183 1184 1252 volupta-

294 1281 357 1332 tem
372 1278 509 1347 corporis
527 1283 583 1335 aut
601 1277 778 1335 secundum
795 1279 959 1335 saeculum
978 1279 1061 1335 clara
1074 1283 1107 1335 et
1124 1278 1223 1335 inlus-

296 1374 354 1430 tria
368 1373 545 1433 obumbrat.
562 1376 659 1433 Beata
671 1377 765 1447 plane
779 1389 859 1448 quae
873 1389 937 1432 non
951 1375 1063 1432 alienis
1078 1375 1174 1432 aesti-

297 1477 402 1531 matur
411 1472 552 1546 judiciis,
569 1473 626 1531 sed
637 1472 819 1532 domesticis
834 1474 1005 1545 percipitur
1013 1473 1173 1544 sensibus,

299 1574 460 1641 tamquam
475 1571 527 1627 sui
538 1569 640 1643 judix.
655 1571 763 1642 Neque
777 1572 863 1627 enim
877 1571 1036 1642 popularis
1047 1570 1211 1642 opiniones

298 1681 352 1738 pro
366 1665 508 1724 mercede
520 1669 627 1741 aliqua
639 1668 780 1740 requirit,
795 1682 894 1740 neque
906 1683 960 1740 pro
971 1660 1126 1739 supplicio
1136 1670 1243 1738 pavet.

297 1766 407 1836 Itaque
422 1779 485 1837 quo
494 1764 602 1822 minus
611 1767 757 1837 sequitur
770 1767 1062 1838 gloriam,eomagis
1073 1778 1248 1836 supeream

300 1862 422 1919 eminit.
437 1865 517 1922 Nam
531 1863 586 1934 qui
601 1863 732 1934 gloriam
746 1864 911 1936 requirunt
924 1863 976 1920 his
990 1877 1027 1919 ea
1038 1863 1150 1919 mercis
1163 1875 1249 1932 prae-

300 1960 450 2031 sentium,
464 1959 577 2016 umbra
588 1958 766 2017 futurorum
780 1964 829 2017 est
843 1975 924 2032 quae
938 1960 1078 2032 inpediat
1087 1962 1185 2017 vitam
1200 1974 1249 2016 ae-

301 2062 423 2114 ternam
433 2069 441 2126 ;
452 2050 579 2129 quod'in
589 2058 756 2130 euangelio
767 2058 919 2114 scribtum
929 2063 978 2114 est
989 2075 995 2114 :
1005 2058 1106 2114 Amen
1117 2056 1185 2114 dico
1195 2072 1248 2114 vo-

298 2154 360 2225 bis,
376 2159 583 2226 perceperunt
595 2153 771 2211 mercedem
786 2166 892 2226 suam;
908 2154 946 2211 de
958 2154 1010 2211 his
1024 2154 1145 2212 scilicet
1158 2155 1213 2226 qui

301 2251 392 2309 velut
406 2250 483 2308 tuba
496 2252 621 2308 canenti
636 2252 767 2324 vulgare
778 2250 998 2309 liberalitatem
1013 2266 1104 2310 suam
1119 2266 1214 2324 quam

299 2345 420 2406 iaciunt
434 2348 515 2404 circa
525 2361 679 2418 pauperes
693 2349 844 2420 gestiunt.
859 2348 1008 2405 Similiter
1021 2353 1053 2405 et
1066 2347 1105 2404 de
1116 2348 1198 2422 jeju-

302 2446 356 2503 nio
370 2444 456 2517 quod
470 2446 695 2503 ostentationes
714 2460 810 2503 causa
828 2445 948 2502 iaciunt
965 2463 972 2502 ε
988 2442 1117 2518 habent,
1133 2447 1248 2518 inquit,

299 2528 477 2602 mercedem
491 2558 593 2602 suam.
609 2544 791 2601 Honestatis
805 2544 904 2616 igItur
917 2549 966 2601 est
978 2545 1029 2603 vel
1043 2544 1215 2602 misericor-

205 2736 258 2804 De
268 2751 309 2802 eo
324 2729 442 2800 codice
457 2729 514 2800 adi
528 2727 772 2800 Benedictinos
785 2730 906 2819 (Nouo.
923 2730 1040 2812 truite,
1053 2732 1110 2813 ΙΙΙ,
1128 2751 1162 2821 ρ.
1183 2730 1285 2800 lt-ll
1296 2729 1380 2819 etc.)

158 2855 197 2917 et
230 2845 456 2938 splendidum
483 2865 571 2936 opus
599 2844 735 2914 comitis
763 2843 806 2914 de
833 2846 980 2916 Bastard
1010 2845 1198 2935 (Pciatureo
1221 2857 1253 2913 ct
1275 2848 1380 2914 Orac·

158 2973 330 3047 mcnts...,
350 2963 421 3031 tab.
443 2962 559 3050 XIII.)
1073 3042 1076 3046 Α
1445 3042 1453 3053 ·

206 3076 460 3161 Quatemiones
479 3097 500 3146 a
517 3076 625 3146 variis
649 3075 769 3168 scripti
792 3076 1077 3162 amanuensibus,
1109 3077 1236 3149 serlem
1260 3097 1382 3147 nume·
1417 3062 1421 3067 ’

161 3213 281 3265 rorum
314 3193 372 3263 vel
404 3191 601 3263 litterarum
629 3191 802 3282 triplicem
830 3190 1019 3283 praebent;
1050 3193 1152 3284 primi
1184 3192 1318 3270 scilicet
1343 3191 1380 3261 in

164 3309 288 3380 dextro
306 3308 448 3399 angulo,
469 3313 657 3397 sequentes
675 3307 712 3375 in
731 3305 844 3377 medio
863 3307 925 3376 imi
944 3308 1113 3398 marginis
1133 3308 1264 3399 signati
1284 3317 1378 3393 sunt,

164 3424 257 3495 unde
284 3423 563 3494 concludendum
590 3430 644 3492 est
669 3422 727 3492 vel
752 3422 927 3492 fasciculis
957 3423 1078 3512 primis
1104 3423 1246 3493 ultimos
1270 3425 1380 3493 multo

166 3541 375 3632 posteriores
401 3558 491 3622 esse,
512 3539 570 3609 vel
594 3538 712 3630 plures
740 3537 872 3608 scribas
900 3538 1005 3608 simul
1024 3539 1133 3609 codici
1158 3560 1297 3629 operam
1321 3540 1380 3610 de-

168 3656 272 3740 disse,
303 3677 384 3726 cum
412 3655 527 3724 locum
555 3653 648 3744 signi
677 3661 812 3724 mutare
835 3655 911 3745 jam
933 3654 1079 3738 licebat,
1101 3653 1136 3724 id
1163 3663 1218 3725 est
1244 3657 1281 3724 in
1309 3655 1379 3725 fine

167 3771 308 3865 septimi
326 3771 384 3841 vel
402 3768 573 3863 principio
592 3769 706 3839 octavi
726 3769 870 3839 saeculi.

208 3885 368 3957 initiales
392 3884 509 3971 viridi,
530 3883 634 3971 flavo,
655 3884 758 3954 rubro
778 3885 890 3956 colore
909 3893 1051 3957 ornatae
1070 3893 1164 3956 suni.
1184 3885 1380 3958 LitteraeA

167 4011 289 4074 venter
307 4008 475 4092 tanquam
497 3999 596 4071 bulla
614 3999 840 4070 tintinnabuli
860 4008 1017 4092 apparet,
1033 4001 1123 4092 quod
1143 4002 1261 4072 videre
1276 4003 1381 4072 estin

168 4117 283 4189 codice
313 4116 504 4208 Augustini
534 4137 591 4185 an.
622 4115 686 4187 669
714 4116 843 4207 scripto
880 4117 948 4206 (ap.
978 4115 1158 4187 dominum
1192 4120 1303 4187 Garon
1337 4119 1380 4189 de

169 4236 377 4304 Troussures
396 4232 561 4322 servato),
582 4232 683 4323 cujus
698 4231 887 4322 imaginem
907 4231 1001 4301 dedit
1020 4235 1059 4301 L.
1081 4232 1223 4318 Delisle,
1245 4237 1325 4307 Not.
1348 4246 1380 4302 et

172 4361 270 4435 eata,
292 4352 412 4433 XXX,
430 4348 464 4416 2·
477 4370 511 4439 p.
534 4347 596 4437 (Gi.
617 4366 707 4437 quae
726 4346 769 4417 de
788 4368 879 4417 anno
901 4346 1104 4418 duodecimo
1124 4347 1289 4418 Ghlotarii
1309 4348 1380 4418 illic

170 4473 284 4534 notato
300 4463 502 4534 disseruerit
519 4463 680 4532 Julianus
696 4465 823 4548 Havet,
845 4464 995 4548 OEuvrcs,
1017 4466 1044 4548 I,
1061 4486 1094 4555 p.
1117 4463 1152 4533 91
1178 4465 1282 4561 sqq).

199 4685 222 4740 1.
239 4685 311 4738 corr.
327 4698 400 4738 vero.
