3082 5386
173 431 232 497 llo
558 440 788 491 snuroncraurs
808 440 994 489 seniorum.

172 613 249 700 390,
271 613 313 685 18
332 610 494 685 editionis
512 632 535 682 a
550 611 610 683 Pio
628 611 751 685 Knoell
770 612 872 685 datae
889 613 927 683 in
940 616 1041 706 (lorp.
1060 614 1179 704 script.
1202 611 1288 684 ecel.
1308 612 1382 683 vol.

170 732 231 816 lx,
254 728 400 801 Vindob.
423 727 536 818 letti

171 923 304 984 CXXVI.
337 922 429 991 QUID
444 922 502 980 Sll'
515 922 563 980 ΕΤ
577 921 721 982 Olllilis¹
735 922 907 983 Pontinus
922 923 1032 982 VIDE-

369 1034 426 1079 mr
439 1032 549 1080 vocas.
566 1032 644 1078 nau
658 1034 700 1078 nx
712 1034 805 1080 mono
818 1021 1037 1090 opinationum
1050 1033 1157 1094 axoni,
1171 1018 1266 1079 nitido
1276 1021 1346 1080 XX.

336 1118 376 1177 Et
388 1118 492 1176 omnis
506 1118 642 1190 populus
655 1117 781 1177 videbat
795 1132 888 1178 voees
903 1124 935 1177 et
946 1117 1108 1192 lampadas

335 1221 368 1274 et
378 1230 487 1274 voesm
501 1215 597 1274 tubae
610 1221 643 1274 st
656 1221 797 1275 montem
811 1215 995 1276 fumantem.
1012 1217 1098 1275 Solet

333 1313 442 1387 quaeri
456 1311 612 1387 quomodo
625 1313 762 1386 populus
775 1312 904 1372 videbat
916 1327 1035 1387 vocem,
1051 1327 1125 1372 eum
1139 1327 1202 1372 vox

333 1424 397 1468 non
410 1408 450 1468 ad
463 1410 569 1468 visum
583 1408 640 1468 ssd
653 1411 759 1483 potius
773 1409 813 1469 ad
824 1410 970 1469 anditum
983 1411 1137 1484 pertinere
1151 1409 1309 1470 videatur.

333 1506 393 1566 Sed
408 1509 492 1566 sieut
506 1507 598 1566 modo
610 1506 685 1581 dixi,
700 1506 845 1568 videatur
858 1507 898 1566 de
911 1508 1059 1568 omnibus
1072 1522 1155 1582 quae
1170 1522 1189 1567 a
1201 1523 1254 1566 me
1269 1507 1354 1566 dieta

333 1611 419 1678 sunt,
435 1606 481 1664 sie
495 1605 598 1664 videre
613 1608 694 1666 solet
707 1621 763 1679 pro
777 1607 916 1681 generali
930 1621 1028 1665 sensu
1040 1608 1125 1680 poni,
1141 1621 1207 1665 non
1220 1607 1327 1666 solum

333 1703 467 1776 eorporis
481 1705 701 1763 verumetiam
713 1705 828 1778 animi;
845 1703 930 1763 unde
945 1710 977 1764 et
987 1704 1068 1764 illud
1082 1711 1132 1763 est
1147 1723 1154 1763 :
1170 1720 1246 1764 eum

330 1800 464 1859 vidisset
476 1800 571 1860 Jaeob
587 1802 662 1876 quia
676 1806 750 1860 sunt
765 1815 855 1860 eseae
871 1802 903 1858 in
917 1802 1073 1876 Aegypto,
1088 1800 1174 1860 unde
1188 1802 1301 1875 utique

332 1897 447 1957 absens
461 1905 536 1957 erat.
551 1900 748 1973 Quamquam
763 1899 914 1958 nunnulli
928 1898 1032 1958 videre
1043 1912 1153 1958 voesm
1166 1900 1250 1958 nihil

329 1995 416 2054 aliud
430 2011 500 2055 esse
514 1996 653 2056 arbitrati
667 2003 745 2056 sunt
757 2012 853 2070 quam
867 1997 1059 2072 intellegere,
1074 1998 1130 2071 qul

329 2093 418 2151 visus
432 2094 547 2151 mentis
561 2099 619 2152 est.
636 2094 713 2153 Cum
727 2108 800 2152 vero
814 2095 867 2152 hie
880 2094 1016 2152 breviter
1029 2094 1200 2154 diesndum

331 2197 417 2248 esset
428 2190 513 2264 quod
526 2193 664 2264 populus
677 2191 806 2250 videbat
819 2206 912 2250 voees
927 2197 957 2250 et
972 2192 1134 2266 lampadas
1147 2199 1180 2251 st
1192 2207 1303 2252 voeem

331 2289 426 2347 tubas
440 2292 473 2346 et
484 2294 625 2347 montem
639 2288 825 2352 fumantem.
840 2291 982 2363 quaestio
995 2291 1095 2364 major
1108 2294 1199 2349 ore-¹

332 2392 428 2459 retur,
443 2386 599 2461 quomodo
614 2386 763 2446 audiebat
776 2387 937 2461 lampadas
949 2393 982 2446 et
994 2394 1135 2446 montem

328 2482 514 2557 fumantem,
529 2483 615 2558 quod
627 2486 762 2557 pertinet
776 2484 816 2544 ad
830 2499 960 2544 sensum
973 2485 1117 2559 videndi;
1133 2486 1196 2545 nisi
1209 2488 1284 2561 quie

328 2580 412 2639 dieat
425 2596 485 2640 nee
499 2587 563 2640 tam
577 2581 711 2641 breviter
724 2581 895 2641 dicendum
908 2583 1007 2642 luisse
1021 2589 1059 2641 ut
1073 2588 1175 2642 totum

329 2678 506 2737 diceretur:
521 2678 668 2739 audiebat
680 2695 789 2739 voeem
803 2686 836 2738 et
848 2679 975 2739 videbat
986 2680 1146 2753 lampadas

329 2780 363 2834 et
376 2776 525 2835 audiebat
537 2792 646 2837 voeem
660 2777 755 2836 tubae
768 2783 801 2836 st
812 2776 939 2836 videbat
951 2783 1092 2837 montem

328 2873 514 2934 fumantem.
529 2877 599 2934 Duo
613 2876 730 2950 quippe
744 2889 859 2950 genera
871 2876 956 2934 voeis
970 2882 1069 2948 erant,
1084 2875 1170 2935 etde

329 2972 469 3031 nubibus
483 2973 567 3032 sieut
580 2973 718 3031 tonitrua
729 2978 762 3030 et
773 2971 812 3030 de
826 2973 913 3044 tuba,
929 2973 956 3031 si
967 2978 1074 3031 tamen
1087 2974 1191 3046 ipsam

327 3068 407 3128 dixit
417 3085 527 3129 voeem
541 3085 623 3143 quoe
637 3069 676 3129 de
689 3069 831 3128 nubibus
845 3069 1013 3143 edebatur;
1028 3085 1064 3128 ae
1078 3084 1133 3143 per
1146 3071 1207 3131 hoe

326 3167 441 3227 melius
457 3168 493 3225 in
506 3168 558 3226 his
572 3181 654 3241 quae
667 3166 707 3225 ad
718 3181 849 3225 sensum
861 3165 1009 3225 audiendi
1019 3167 1219 3241 pertinebant

326 3266 482 3340 generalis
497 3279 612 3324 sensus
626 3270 675 3323 est
688 3265 822 3338 positus,
838 3264 899 3323 hoe
912 3270 962 3323 est
974 3264 1135 3336 videnddi,
1152 3281 1226 3326 eum

327 3363 463 3421 breviter
474 3368 574 3421 totum
589 3363 685 3420 vellet
697 3362 852 3434 scriptura
865 3363 1039 3436 complecti,
1055 3378 1152 3438 quam

327 3462 410 3520 utin
423 3461 476 3518 bis
489 3476 552 3534 que
564 3466 730 3534 pertenent
743 3459 783 3518 ad
795 3458 924 3518 videndi
936 3475 1068 3520 sensum
1082 3463 1237 3523 subintel-

328 3560 485 3634 leganetur
496 3557 624 3617 auditus
639 3576 646 3616 :
662 3572 724 3631 quo
738 3571 824 3616 more
837 3557 924 3631 loqui
938 3572 1002 3616 non
1015 3559 1166 3620 solemus.

211 3712 213 3718 Α
326 3659 405 3718 Nam
419 3656 492 3715 vids
504 3656 582 3730 quid
596 3661 686 3716 sonat
699 3657 839 3715 solemus
852 3654 964 3728 dicere,
980 3656 1055 3716 audi
1070 3657 1147 3732 quid

326 3756 508 3818 lueeatnon
523 3756 672 3813 solemus.
972 3753 1075 3829 Usque
1088 3757 1151 3815 hle.

159 3854 308 3916 cxxvn.
328 3868 370 3912 nn
384 3867 449 3913 nne
463 3867 640 3913 nnonuunre
652 3867 691 3912 nr
704 3865 823 3912 sununs
835 3865 925 3912 numu
937 3866 1116 3914 rnonuumo

324 3966 500 4012 nnomnrns
511 3967 554 4010 nx
564 3965 680 4012 nonum
693 3963 785 4010 nuso
795 3963 1009 4021 ounscrouom
1021 3965 1129 4026 nxonr,
1143 3950 1235 4011 ritulo
1249 3954 1372 4014 LXXV.

202 4173 329 4256 Codex,
351 4173 395 4245 de
412 4193 481 4263 quo
500 4171 596 4244 nulla
613 4171 651 4242 in
670 4169 821 4243 editione
843 4171 896 4243 Pii
917 4172 1041 4244 Knoell
1059 4174 1203 4259 mentio,
1223 4184 1371 4266 quater-

158 4289 322 4362 nionibus
359 4296 494 4359 constat
535 4287 675 4380 propius
715 4286 866 4358 mediam
902 4308 1007 4378 quam
1043 4287 1203 4358 dextram
1235 4297 1372 4380 partem

158 4406 330 4499 marginis
356 4405 417 4476 imi
445 4403 606 4496 signatis.
645 4402 724 4474 Alia
758 4402 954 4475 numeratio
981 4402 1161 4476 invenitur
1189 4404 1228 4474 in
1256 4405 1373 4497 prima

188 4649 211 4703 1.
226 4647 302 4701 corr.
318 4640 417 4698 omnis.

185 4728 211 4781 2.
228 4727 304 4780 Corn.
319 4726 372 4779 ort'.
