3082 5386
595 425 733 475 ΒΕᾺῚΙΟ
753 420 911 474 samum.

272 595 472 667 puerperium
485 601 690 668 nuncupator
703 609 777 655 cum
789 593 889 666 primo
903 594 996 665 partu
1008 604 1087 662 puer
1101 589 1241 649 nasum

271 694 460 765 prosperitas
567 693 701 752 felicitas

270 790 440 862 prolexitas
564 788 731 865 longitudo
825 814 831 825 ·

270 888 404 962 protegit
564 890 673 960 operit,
689 886 752 947 sibi
764 889 929 945 conservat

270 986 411 1057 persistit
565 1002 630 1045 non
645 985 762 1045 desinit

269 1087 507 1155 praeposterum
562 1100 627 1143 non
640 1091 759 1143 rectum
772 1085 823 1141 vel
836 1082 1027 1155 obliquuum

271 1181 432 1253 problema
533 1183 732 1254 ¹propositio
746 1181 810 1240 sive
822 1179 975 1254 parabule

269 1280 439 1350 perlustrat
540 1275 700 1352 'pervidit

268 1354 425 1448 pertendi!
562 1379 665 1453 pergit

269 1473 422 1545 praelicat
554 1478 737 1549 praegustat
878 1470 984 1546 [variae

268 1573 446 1643 promiscue
558 1574 744 1632 conmixtim
757 1572 825 1630 sive
839 1570 947 1629 divese
961 1570 1012 1628 vel

268 1676 424 1742 perpetrat
563 1673 723 1729 conmittit
737 1670 798 1729 sibi
812 1669 934 1742 peragit

266 1769 439 1840 perpetitur
563 1770 683 1841 patitur

269 1867 405 1938 patravit
563 1866 772 1940 periecitsive
786 1866 925 1939 explevit

252 1946 385 2035 'pernox
562 1971 750 2038 pernoctans

267 2061 453 2135 profligatus
560 2062 972 2123 adflictussivedistraclus

266 2173 416 2230 processu
427 2165 602 2232 temporum
615 2160 784 2220 accedente
798 2165 939 2233 tempore

267 2257 441 2328 provectior
454 2263 531 2316 aetas
561 2260 680 2333 majora
694 2265 771 2317 aetas

266 2355 384 2426 praesul
425 2339 426 2342 ¹
561 2358 720 2430 principes

268 2463 456 2518 cuounurrr
561 2466 743 2520 prosumo

266 2561 331 2618 qua
342 2548 501 2606 sententia
562 2564 624 2622 quo
639 2552 770 2609 consilio

265 2644 375 2718 quagvi
562 2662 625 2720 qua
637 2649 789 2707 violentia

266 2743 426 2816 quantitas
562 2746 698 2817 qualitas

265 2840 393 2912 quodsi
563 2844 614 2901 sin
703 2845 708 2857 '

265 2938 483 3011 quampridem
563 2956 659 3014 quam
671 2944 780 3001 molim
795 2941 857 3001 sibi
872 2955 972 3015 quam

852 3038 975 3098 dudum

189 3211 221 3280 2⁰
240 3212 407 3305 Ejusdem
434 3214 560 3285 codicis
592 3237 670 3308 pag.
702 3216 766 3287 283
789 3217 999 3307 :Scriptura
1027 3215 1120 3307 prior
1148 3210 1358 3305 :vegetius

146 3327 417 3414 Mulomedicina,
455 3333 483 3415 Ι,
520 3351 611 3416 xvu,
646 3332 750 3403 ll-la
784 3333 991 3425 [Scriptores
1023 3331 1073 3401 rei
1103 3327 1266 3413 rusticae,
1301 3326 1358 3398 ed.

146 3442 346 3527 Schneider,
367 3446 475 3536 Lips„
499 3446 675 3531 1797,1v,
697 3470 730 3538 p.
754 3448 821 3538 32]

276 3611 349 3654 sum
360 3601 516 3670 agrestem
530 3614 729 3657 cucumerem
744 3604 777 3657 et
790 3615 891 3673 aquae
906 3599 971 3658 sui·

276 3693 417 3751 ficienter
430 3694 606 3755 admixtum
620 3697 726 3755 bibere
739 3704 884 3772 cogatur:
906 3696 1030 3756 Lauda·

276 3796 330 3849 tur
341 3796 374 3848 et
386 3792 465 3851 haec
478 3794 563 3864 potio
579 3809 586 3850 :
603 3795 718 3853 herbae
735 3795 864 3854 sabinae
879 3795 992 3853 librom
1006 3797 1031 3867 Ι,
1048 3799 1109 3853 tre·

276 3890 553 3964 ministratam,
569 3893 747 3949 centauriae
762 3909 831 3949 acc.
847 3895 886 3964 11,
903 3892 1095 3951 aristoliciae

277 4002 345 4044 unc.
360 3988 428 4059 1111,
443 3987 593 4047 bacarum
605 3989 765 4047 lauriaco.
777 3990 847 4058 1111,
856 4004 980 4048 murrae
993 3988 1229 4048 unc.1111.0m·

277 4085 332 4143 nia
342 4084 513 4144 contundis
524 4090 557 4144 et
571 4101 678 4144 cernes
692 4088 772 4144 etin
786 4089 915 4160 pulvere
929 4088 989 4145 mi·

277 4184 485 4242 notissimum
497 4184 631 4256 rediges,
644 4191 677 4243 et
690 4200 764 4243 cum
778 4186 951 4244 necessitas

277 4281 372 4340 fuerit
390 4283 560 4341 coclearem
576 4280 726 4356 grandem
740 4283 872 4356 plenum
887 4298 963 4342 cum

277 4380 345 4438 vini
358 4381 493 4439 sextario
508 4379 660 4453 tepefacto
674 4379 820 4440 faucibus
836 4379 956 4439 tedian-

279 4480 321 4537 tis
338 4478 492 4537 infundis.
505 4479 584 4536 haec
598 4493 724 4552 quoque
737 4477 906 4538 adversum
920 4493 988 4537 om-

279 4589 338 4633 nes
352 4575 478 4634 morbos
490 4573 649 4634 medicina
661 4580 824 4634 succurret
838 4573 923 4649 quod

280 4679 437 4746 quatenus
458 4673 541 4731 vires
564 4673 730 4746 patiuntur
751 4675 946 4746 interpositis

694 4771 877 4846 Q[uatemio]
891 4773 946 4832 111.
