3392 5560
606 491 710 542 suro
731 491 890 542 cusduno.

426 665 603 724 esurientes
617 668 650 722 et
664 661 756 738 corda
769 661 891 722 devota.

460 764 590 836 explicit
603 763 746 834 psalmus
759 759 884 818 XXXV.

462 860 571 934 incipit
585 861 728 932 psalmus
741 857 881 916 XXXVI.

460 956 626 1015 Emoadobt
639 953 739 1014 semol.
754 955 814 1013 Deo
827 953 953 1029 pretias.

188 1190 222 1257 Is
241 1186 352 1260 codex
372 1187 469 1280 (olim
487 1185 609 1278 Suppl.
631 1185 690 1256 lat.
713 1185 776 1256 118
794 1185 834 1276 Β)
855 1183 1121 1256 commentarios
1144 1184 1181 1255 in
1202 1183 1356 1276 psalmos

150 1301 246 1373 29-36
266 1303 432 1373 continet.
454 1301 656 1374 Membrana
673 1299 757 1370 adeo
776 1301 891 1370 tenuis
910 1308 975 1388 cst,
991 1301 1136 1370 tortasse
1153 1300 1235 1390 quia
1255 1320 1356 1372 erasa

130 1419 223 1502 ¹fuit,
240 1425 280 1489 ut
293 1438 423 1488 vacuas
438 1417 586 1510 paginas
603 1417 672 1507 (iol.
698 1416 740 1488 98
759 1428 810 1498 v0,
832 1416 892 1487 101
915 1416 956 1507 r)
975 1416 1035 1488 rel
1053 1415 1259 1508 paginarum
1279 1437 1356 1508 par·

149 1541 199 1605 tes
212 1533 284 1625 (iol.
302 1532 343 1603 97
358 1543 406 1619 v⁰‚
423 1531 487 1602 139
503 1534 549 1623 v')
568 1531 682 1602 scriba
695 1531 854 1621 linquere
869 1539 1061 1623 cogeretur.
1091 1531 1183 1602 Ante
1203 1531 1357 1624 Scriptu-

150 1669 203 1720 rae
230 1648 338 1721 verba
361 1649 503 1740 signum
524 1647 561 1718 in
580 1646 795 1738 marginibus
818 1651 971 1738 ponitur.

609 1974 786 2044 TABULA
803 1974 899 2044 LXX

193 2225 225 2295 1·
243 2225 408 2297 Taunrru.
428 2222 664 2295 Bibliothecae
686 2222 816 2314 patriae
833 2221 892 2294 rel
909 2219 1156 2292 Universitatis
1182 2223 1295 2294 codex
1317 2223 1358 2294 G.

149 2341 194 2452 V.
210 2340 263 2426 to,
278 2340 338 2413 tol.
355 2341 396 2410 27
413 2339 626 2432 :Augustini
646 2338 793 2409 Collatia
812 2359 890 2408 cum
902 2338 1090 2425 Posccatio,
1111 2339 1202 2411 inter
1214 2339 1357 2432 Augus·

154 2456 215 2528 tini
233 2457 400 2550 epistulas
422 2456 489 2550 [ed.
510 2459 654 2543 Gaume,
674 2458 718 2540 ΙΙ,
740 2455 839 2541 1172,
857 2455 894 2526 in
912 2455 1141 2548 Appendicel.

324 2648 404 2706 Nam
418 2647 527 2717 procul
541 2644 639 2704 dubio
651 2643 795 2718 intueris,

325 2757 344 2800 a
357 2743 448 2802 vobis
462 2743 620 2816 proposita
633 2756 780 2814 praesen·

326 2846 390 2899 tem
404 2842 508 2900 virum
522 2840 741 2913 Aumrstinum

326 2941 394 2998 suis
408 2937 642 2998 adsertionibus
656 2939 792 2997 nimium

326 3038 498 3110 transilire;
514 3035 607 3108 aput¹
622 3042 653 3095 te
667 3037 763 3109 enirn,

324 3135 521 3194 nobilissime
535 3135 592 3207 vir,
608 3135 691 3208 eligo
705 3148 801 3208 quam

325 3238 402 3305 aput
414 3234 512 3291 Deum
525 3231 672 3305 perennis
685 3237 792 3290 reatus
806 3229 871 3290 cul·

325 3345 397 3403 pam
411 3332 577 3390 incurrere.
593 3331 779 3388 Pascentine

324 3429 373 3487 vir
386 3427 560 3501 spectabitis
573 3429 724 3502 respondit
738 3446 746 3486 z
762 3427 884 3487 scribta
895 3442 977 3501 quac

325 3528 473 3600 proposui
488 3540 552 3585 non
567 3532 644 3586 sunt
657 3525 787 3600 quidem

324 3626 359 3683 in
372 3627 454 3699 lege,
469 3624 526 3683 sed
539 3625 651 3684 debere
665 3629 790 3697 propter

326 3723 477 3782 honorem
492 3724 590 3796 patris
604 3722 737 3795 adstrui,

324 3827 410 3880 recte
424 3821 647 3880 defenduntur.

325 3921 514 3980 Laurentius
526 3920 577 3978 vir
591 3919 794 3978 carpsimus·
808 3918 889 3976 dicit
904 3936 912 3976 :
928 3919 1065 3994 sicergo

324 4024 357 4076 et
370 4019 536 4077 omousion
550 4017 635 4092 quod
648 4019 682 4075 in
697 4017 830 4076 dubium

325 4115 473 4174 veniebat
487 4121 517 4174 te
532 4122 724 4188 proponente

325 4215 398 4271 etsi
413 4213 566 4272 scribtum
580 4229 644 4271 non
659 4218 722 4285 est,
738 4227 789 4272 res

325 4309 395 4384 ipsa
408 4315 514 4370 tamen
530 4325 611 4385 quae
625 4313 702 4370 latet
716 4312 750 4371 in

326 4407 588 4482 verboreraest;
604 4407 734 4468 cedatur
1357 4457 1375 4496 ἶ

180 4607 204 4741 ὲ
216 4608 477 4744 &azmagszdlitteras
498 4691 523 4745 V
536 4691 617 4744 Onon
630 4692 772 4745 intellectas
792 4705 848 4744 osse
861 4707 878 4742 a
890 4691 988 4744 lectore
1006 4690 1104 4744 sacculi
1126 4691 1180 4742 tere
1192 4668 1297 4752 deortui,
1309 4688 1365 4754 oui

153 4772 264 4821 cacerias
276 4770 468 4836 superscripsit.
