<?xml version="1.0" encoding="UTF-8"?>
<!DOCTYPE html PUBLIC "-//W3C//DTD XHTML 1.0 Transitional//EN"
    "http://www.w3.org/TR/xhtml1/DTD/xhtml1-transitional.dtd">
<html xmlns="http://www.w3.org/1999/xhtml" xml:lang="en" lang="en">
 <head>
  <title>
</title>
<meta http-equiv="Content-Type" content="text/html;charset=utf-8" />
  <meta name='ocr-system' content='tesseract 3.04.00' />
  <meta name='ocr-capabilities' content='ocr_page ocr_carea ocr_par ocr_line ocrx_word'/>
</head>
<body>
  <div class='ocr_page' id='page_1' title='image "./vncialisscriptv00chatgoog_0093.png"; bbox 0 0 3082 5386; ppageno 0'>
   <div class='ocr_carea' id='block_1_1' title="bbox 279 388 1069 458">
    <p class='ocr_par' dir='ltr' id='par_1_1' title="bbox 279 388 1069 458">
     <span class='ocr_line' id='line_1_1' title="bbox 279 388 1069 458; baseline -0.009 2"><span class='ocrx_word' id='word_1_1' title='bbox 279 388 318 451; x_wconf 76' lang='grc'>76</span> <span class='ocrx_word' id='word_1_2' title='bbox 707 409 860 458; x_wconf 80' lang='lat' dir='ltr'>numanis</span> <span class='ocrx_word' id='word_1_3' title='bbox 881 407 1069 457; x_wconf 73' lang='lat' dir='ltr'>scararum.</span> 
     </span>
    </p>
   </div>
   <div class='ocr_carea' id='block_1_2' title="bbox 279 572 1528 2267">
    <p class='ocr_par' dir='ltr' id='par_1_2' title="bbox 279 572 1528 1364">
     <span class='ocr_line' id='line_1_2' title="bbox 323 572 1477 666; baseline 0.003 -23"><span class='ocrx_word' id='word_1_4' title='bbox 323 572 438 645; x_wconf 83' lang='lat' dir='ltr'>Codex</span> <span class='ocrx_word' id='word_1_5' title='bbox 468 574 618 660; x_wconf 80' lang='lat' dir='ltr'>celeber,</span> <span class='ocrx_word' id='word_1_6' title='bbox 651 576 734 649; x_wconf 90' lang='lat' dir='ltr'>olim</span> <span class='ocrx_word' id='word_1_7' title='bbox 770 577 994 651; x_wconf 87' lang='lat' dir='ltr'>Sessorianus</span> <span class='ocrx_word' id='word_1_8' title='bbox 1014 578 1185 660; x_wconf 84' lang='lat' dir='ltr'>LXXVII,</span> <span class='ocrx_word' id='word_1_9' title='bbox 1205 574 1370 646; x_wconf 83' lang='lat' dir='ltr'>Eucherii</span> <span class='ocrx_word' id='word_1_10' title='bbox 1404 577 1477 666; x_wconf 78' lang='lat' dir='ltr'>Lug·</span> 
     </span>
     <span class='ocr_line' id='line_1_3' title="bbox 281 687 1478 785; baseline -0.002 -25"><span class='ocrx_word' id='word_1_11' title='bbox 281 687 450 761; x_wconf 91' lang='lat' dir='ltr'>dunensis</span> <span class='ocrx_word' id='word_1_12' title='bbox 477 692 630 785; x_wconf 84' lang='lat' dir='ltr'>episcopi</span> <span class='ocrx_word' id='word_1_13' title='bbox 659 695 822 765; x_wconf 80' lang='lat' dir='ltr'>formulas</span> <span class='ocrx_word' id='word_1_14' title='bbox 848 693 1168 783; x_wconf 82' lang='lat' dir='ltr'>instructionesque</span> <span class='ocrx_word' id='word_1_15' title='bbox 1194 691 1352 783; x_wconf 91' lang='lat' dir='ltr'>praebet.</span> <span class='ocrx_word' id='word_1_16' title='bbox 1379 693 1427 762; x_wconf 90' lang='lat' dir='ltr'>De</span> <span class='ocrx_word' id='word_1_17' title='bbox 1450 710 1478 761; x_wconf 90' lang='lat' dir='ltr'>eo</span> 
     </span>
     <span class='ocr_line' id='line_1_4' title="bbox 280 804 1479 902; baseline 0.001 -27"><span class='ocrx_word' id='word_1_18' title='bbox 280 804 386 877; x_wconf 83' lang='lat' dir='ltr'>locuti</span> <span class='ocrx_word' id='word_1_19' title='bbox 412 815 495 877; x_wconf 86' lang='lat' dir='ltr'>suut</span> <span class='ocrx_word' id='word_1_20' title='bbox 519 808 677 899; x_wconf 85' lang='lat' dir='ltr'>Angelus</span> <span class='ocrx_word' id='word_1_21' title='bbox 701 811 783 896; x_wconf 86' lang='lat' dir='ltr'>Mai,</span> <span class='ocrx_word' id='word_1_22' title='bbox 812 809 1039 902; x_wconf 76' lang='lat' dir='ltr'>Spicilcpium</span> <span class='ocrx_word' id='word_1_23' title='bbox 1057 812 1259 890; x_wconf 82' lang='lat' dir='ltr'>Romanam,</span> <span class='ocrx_word' id='word_1_24' title='bbox 1281 810 1325 892; x_wconf 90' lang='lat' dir='ltr'>V,</span> <span class='ocrx_word' id='word_1_25' title='bbox 1347 828 1382 898; x_wconf 90' lang='lat' dir='ltr'>p.</span> <span class='ocrx_word' id='word_1_26' title='bbox 1402 806 1479 891; x_wconf 75' lang='lat'>2403</span> 
     </span>
     <span class='ocr_line' id='line_1_5' title="bbox 279 922 1481 1017; baseline -0.001 -25"><span class='ocrx_word' id='word_1_27' title='bbox 279 925 313 993; x_wconf 86' lang='lat' dir='ltr'>J.</span> <span class='ocrx_word' id='word_1_28' title='bbox 334 922 439 1007; x_wconf 88' lang='lat' dir='ltr'>Pilra,</span> <span class='ocrx_word' id='word_1_29' title='bbox 459 923 626 992; x_wconf 83' lang='lat' dir='ltr'>Analecta</span> <span class='ocrx_word' id='word_1_30' title='bbox 644 947 742 993; x_wconf 84' lang='lat' dir='ltr'>sacra</span> <span class='ocrx_word' id='word_1_31' title='bbox 761 924 936 1017; x_wconf 75' lang='lat' dir='ltr'>spicilayio</span> <span class='ocrx_word' id='word_1_32' title='bbox 961 923 1163 992; x_wconf 81' lang='lat' dir='ltr'>Solesmcccr&#39;</span> <span class='ocrx_word' id='word_1_33' title='bbox 1180 934 1323 1014; x_wconf 85' lang='lat' dir='ltr'>parata,</span> <span class='ocrx_word' id='word_1_34' title='bbox 1343 930 1371 991; x_wconf 90' lang='lat' dir='ltr'>t.</span> <span class='ocrx_word' id='word_1_35' title='bbox 1391 924 1433 1005; x_wconf 94' lang='lat' dir='ltr'>ll,</span> <span class='ocrx_word' id='word_1_36' title='bbox 1457 943 1481 1013; x_wconf 89' lang='lat' dir='ltr'>p.</span> 
     </span>
     <span class='ocr_line' id='line_1_6' title="bbox 281 1036 1528 1126; baseline -0.004 -15"><span class='ocrx_word' id='word_1_37' title='bbox 281 1037 459 1125; x_wconf 72' lang='lat' dir='ltr'>tat-5753</span> <span class='ocrx_word' id='word_1_38' title='bbox 497 1039 765 1126; x_wconf 86' lang='lat' dir='ltr'>Reifferscheid,</span> <span class='ocrx_word' id='word_1_39' title='bbox 802 1039 889 1108; x_wconf 82' lang='lat' dir='ltr'>Bibl.</span> <span class='ocrx_word' id='word_1_40' title='bbox 928 1042 1023 1107; x_wconf 85' lang='lat' dir='ltr'>Patr.</span> <span class='ocrx_word' id='word_1_41' title='bbox 1067 1037 1155 1121; x_wconf 67' lang='lat' dir='ltr'>ital„</span> <span class='ocrx_word' id='word_1_42' title='bbox 1194 1039 1222 1124; x_wconf 89' lang='grc' dir='ltr'>Ι,</span> <span class='ocrx_word' id='word_1_43' title='bbox 1261 1058 1297 1125; x_wconf 95' lang='lat' dir='ltr'>p.</span> <span class='ocrx_word' id='word_1_44' title='bbox 1337 1036 1485 1123; x_wconf 74' lang='lat' dir='ltr'>tto-lta,</span> <span class='ocrx_word' id='word_1_45' title='bbox 1526 1110 1528 1115; x_wconf 62' lang='grc'>,</span> 
     </span>
     <span class='ocr_line' id='line_1_7' title="bbox 281 1152 1487 1247; baseline -0.001 -21"><span class='ocrx_word' id='word_1_46' title='bbox 281 1152 434 1246; x_wconf 90' lang='lat' dir='ltr'>denique</span> <span class='ocrx_word' id='word_1_47' title='bbox 458 1155 600 1226; x_wconf 88' lang='lat' dir='ltr'>Carolus</span> <span class='ocrx_word' id='word_1_48' title='bbox 625 1155 754 1228; x_wconf 89' lang='lat' dir='ltr'>Wotke</span> <span class='ocrx_word' id='word_1_49' title='bbox 785 1155 823 1225; x_wconf 93' lang='lat' dir='ltr'>in</span> <span class='ocrx_word' id='word_1_50' title='bbox 851 1154 1063 1247; x_wconf 79' lang='lat' dir='ltr'>praefatione</span> <span class='ocrx_word' id='word_1_51' title='bbox 1087 1152 1250 1224; x_wconf 78' lang='lat' dir='ltr'>editionis</span> <span class='ocrx_word' id='word_1_52' title='bbox 1277 1153 1487 1246; x_wconf 85' lang='lat' dir='ltr'>supradictae</span> 
     </span>
     <span class='ocr_line' id='line_1_8' title="bbox 280 1269 771 1364; baseline -0.004 -22"><span class='ocrx_word' id='word_1_53' title='bbox 280 1269 444 1362; x_wconf 89' lang='lat' dir='ltr'>(Vindob.</span> <span class='ocrx_word' id='word_1_54' title='bbox 466 1270 581 1364; x_wconf 77' lang='lat' dir='ltr'>laet),</span> <span class='ocrx_word' id='word_1_55' title='bbox 606 1294 640 1364; x_wconf 95' lang='lat' dir='ltr'>p.</span> <span class='ocrx_word' id='word_1_56' title='bbox 660 1291 771 1343; x_wconf 73' lang='lat' dir='ltr'>vir-x.</span> 
     </span>
    </p>

    <p class='ocr_par' dir='ltr' id='par_1_3' title="bbox 280 1382 1495 2036">
     <span class='ocr_line' id='line_1_9' title="bbox 323 1382 1489 1479; baseline -0.001 -24"><span class='ocrx_word' id='word_1_57' title='bbox 323 1388 375 1456; x_wconf 90' lang='lat' dir='ltr'>De</span> <span class='ocrx_word' id='word_1_58' title='bbox 393 1390 508 1458; x_wconf 83' lang='lat' dir='ltr'>aetate</span> <span class='ocrx_word' id='word_1_59' title='bbox 527 1387 719 1479; x_wconf 80' lang='lat' dir='ltr'>scripturae</span> <span class='ocrx_word' id='word_1_60' title='bbox 738 1385 994 1458; x_wconf 87' lang='lat' dir='ltr'>diversissimas</span> <span class='ocrx_word' id='word_1_61' title='bbox 1013 1384 1194 1477; x_wconf 84' lang='lat' dir='ltr'>opiniones</span> <span class='ocrx_word' id='word_1_62' title='bbox 1213 1382 1306 1455; x_wconf 90' lang='lat' dir='ltr'>docti</span> <span class='ocrx_word' id='word_1_63' title='bbox 1325 1382 1489 1470; x_wconf 85' lang='lat' dir='ltr'>tulerunt,</span> 
     </span>
     <span class='ocr_line' id='line_1_10' title="bbox 280 1497 1492 1593; baseline -0.003 -20"><span class='ocrx_word' id='word_1_64' title='bbox 280 1519 362 1573; x_wconf 90' lang='lat' dir='ltr'>cum</span> <span class='ocrx_word' id='word_1_65' title='bbox 381 1500 440 1571; x_wconf 86' lang='lat' dir='ltr'>alii</span> <span class='ocrx_word' id='word_1_66' title='bbox 459 1509 611 1585; x_wconf 82' lang='lat' dir='ltr'>sextum,</span> <span class='ocrx_word' id='word_1_67' title='bbox 633 1502 693 1573; x_wconf 88' lang='lat' dir='ltr'>alii</span> <span class='ocrx_word' id='word_1_68' title='bbox 711 1523 842 1574; x_wconf 93' lang='lat' dir='ltr'>nonum</span> <span class='ocrx_word' id='word_1_69' title='bbox 862 1500 1041 1573; x_wconf 90' lang='lat' dir='ltr'>saeculnm</span> <span class='ocrx_word' id='word_1_70' title='bbox 1061 1498 1278 1571; x_wconf 82' lang='lat' dir='ltr'>admiserint.</span> <span class='ocrx_word' id='word_1_71' title='bbox 1299 1497 1492 1593; x_wconf 81' lang='lat' dir='ltr'>Antiquiori</span> 
     </span>
     <span class='ocr_line' id='line_1_11' title="bbox 280 1614 1493 1708; baseline -0.002 -20"><span class='ocrx_word' id='word_1_72' title='bbox 280 1616 428 1708; x_wconf 86' lang='lat' dir='ltr'>tempori</span> <span class='ocrx_word' id='word_1_73' title='bbox 441 1617 553 1688; x_wconf 84' lang='lat' dir='ltr'>torma</span> <span class='ocrx_word' id='word_1_74' title='bbox 569 1617 746 1690; x_wconf 82' lang='lat' dir='ltr'>litterael.</span> <span class='ocrx_word' id='word_1_75' title='bbox 764 1618 869 1688; x_wconf 89' lang='lat' dir='ltr'>nimis</span> <span class='ocrx_word' id='word_1_76' title='bbox 883 1626 1025 1689; x_wconf 87' lang='lat' dir='ltr'>ornatae</span> <span class='ocrx_word' id='word_1_77' title='bbox 1039 1616 1165 1701; x_wconf 88' lang='lat' dir='ltr'>obstat,</span> <span class='ocrx_word' id='word_1_78' title='bbox 1186 1614 1278 1686; x_wconf 89' lang='lat' dir='ltr'>sicut</span> <span class='ocrx_word' id='word_1_79' title='bbox 1296 1614 1493 1686; x_wconf 91' lang='lat' dir='ltr'>nimiumin</span> 
     </span>
     <span class='ocr_line' id='line_1_12' title="bbox 280 1730 1494 1825; baseline 0.001 -23"><span class='ocrx_word' id='word_1_80' title='bbox 280 1731 512 1817; x_wconf 81' lang='lat' dir='ltr'>Rabdomen3</span> <span class='ocrx_word' id='word_1_81' title='bbox 530 1732 681 1825; x_wconf 90' lang='lat' dir='ltr'>denique</span> <span class='ocrx_word' id='word_1_82' title='bbox 700 1732 945 1825; x_wconf 87' lang='lat' dir='ltr'>quaterniones</span> <span class='ocrx_word' id='word_1_83' title='bbox 964 1733 1093 1823; x_wconf 86' lang='lat' dir='ltr'>signati</span> <span class='ocrx_word' id='word_1_84' title='bbox 1112 1738 1195 1802; x_wconf 89' lang='lat' dir='ltr'>suut</span> <span class='ocrx_word' id='word_1_85' title='bbox 1213 1731 1250 1802; x_wconf 96' lang='lat' dir='ltr'>in</span> <span class='ocrx_word' id='word_1_86' title='bbox 1265 1730 1386 1803; x_wconf 90' lang='lat' dir='ltr'>media</span> <span class='ocrx_word' id='word_1_87' title='bbox 1404 1738 1494 1824; x_wconf 87' lang='lat' dir='ltr'>parte</span> 
     </span>
     <span class='ocr_line' id='line_1_13' title="bbox 281 1847 1495 1940; baseline -0.001 -22"><span class='ocrx_word' id='word_1_88' title='bbox 281 1847 432 1940; x_wconf 80' lang='lat' dir='ltr'>paglnae</span> <span class='ocrx_word' id='word_1_89' title='bbox 449 1848 593 1919; x_wconf 88' lang='lat' dir='ltr'>ultimae</span> <span class='ocrx_word' id='word_1_90' title='bbox 614 1849 658 1940; x_wconf 89' lang='lat' dir='ltr'>(e.</span> <span class='ocrx_word' id='word_1_91' title='bbox 683 1870 716 1939; x_wconf 84' lang='lat' dir='ltr'>g.</span> <span class='ocrx_word' id='word_1_92' title='bbox 742 1848 800 1919; x_wconf 83' lang='lat' dir='ltr'>sol.</span> <span class='ocrx_word' id='word_1_93' title='bbox 823 1848 864 1919; x_wconf 85' lang='grc'>63</span> <span class='ocrx_word' id='word_1_94' title='bbox 884 1857 933 1933; x_wconf 81' lang='lat' dir='ltr'>v⁰‚</span> <span class='ocrx_word' id='word_1_95' title='bbox 955 1849 992 1918; x_wconf 83' lang='grc'>71</span> <span class='ocrx_word' id='word_1_96' title='bbox 1020 1856 1068 1933; x_wconf 84' lang='lat' dir='ltr'>v⁰,</span> <span class='ocrx_word' id='word_1_97' title='bbox 1094 1847 1189 1938; x_wconf 77' lang='lat' dir='ltr'>etc),</span> <span class='ocrx_word' id='word_1_98' title='bbox 1215 1847 1310 1939; x_wconf 92' lang='lat' dir='ltr'>quod</span> <span class='ocrx_word' id='word_1_99' title='bbox 1337 1847 1414 1919; x_wconf 84' lang='lat' dir='ltr'>lere</span> <span class='ocrx_word' id='word_1_100' title='bbox 1432 1867 1495 1918; x_wconf 91' lang='lat' dir='ltr'>non</span> 
     </span>
     <span class='ocr_line' id='line_1_14' title="bbox 285 1963 1201 2036; baseline 0.001 -2"><span class='ocrx_word' id='word_1_101' title='bbox 285 1970 366 2034; x_wconf 89' lang='lat' dir='ltr'>ante</span> <span class='ocrx_word' id='word_1_102' title='bbox 384 1963 565 2035; x_wconf 89' lang='lat' dir='ltr'>saeculum</span> <span class='ocrx_word' id='word_1_103' title='bbox 582 1973 745 2036; x_wconf 87' lang='lat' dir='ltr'>octavum</span> <span class='ocrx_word' id='word_1_104' title='bbox 763 1964 903 2036; x_wconf 85' lang='lat' dir='ltr'>videtur</span> <span class='ocrx_word' id='word_1_105' title='bbox 919 1964 957 2034; x_wconf 90' lang='lat' dir='ltr'>in</span> <span class='ocrx_word' id='word_1_106' title='bbox 970 1985 1038 2035; x_wconf 92' lang='lat' dir='ltr'>usu</span> <span class='ocrx_word' id='word_1_107' title='bbox 1055 1964 1174 2035; x_wconf 84' lang='lat' dir='ltr'>tuisse.</span> <span class='ocrx_word' id='word_1_108' title='bbox 1199 2019 1201 2024; x_wconf 87' lang='lat'>.</span> 
     </span>
    </p>

    <p class='ocr_par' dir='ltr' id='par_1_4' title="bbox 284 2077 1496 2267">
     <span class='ocr_line' id='line_1_15' title="bbox 325 2077 1496 2171; baseline -0.001 -22"><span class='ocrx_word' id='word_1_109' title='bbox 325 2080 478 2153; x_wconf 87' lang='lat' dir='ltr'>Litterae</span> <span class='ocrx_word' id='word_1_110' title='bbox 492 2080 644 2153; x_wconf 86' lang='lat' dir='ltr'>initiales</span> <span class='ocrx_word' id='word_1_111' title='bbox 658 2080 761 2152; x_wconf 90' lang='lat' dir='ltr'>rubro</span> <span class='ocrx_word' id='word_1_112' title='bbox 774 2102 815 2151; x_wconf 88' lang='lat' dir='ltr'>ac</span> <span class='ocrx_word' id='word_1_113' title='bbox 824 2079 926 2151; x_wconf 90' lang='lat' dir='ltr'>viridi</span> <span class='ocrx_word' id='word_1_114' title='bbox 938 2079 1050 2152; x_wconf 89' lang='lat' dir='ltr'>colore</span> <span class='ocrx_word' id='word_1_115' title='bbox 1066 2086 1209 2171; x_wconf 85' lang='lat' dir='ltr'>gustum</span> <span class='ocrx_word' id='word_1_116' title='bbox 1220 2077 1496 2170; x_wconf 78' lang='lat' dir='ltr'>Merovingicum</span> 
     </span>
     <span class='ocr_line' id='line_1_16' title="bbox 284 2194 453 2267; baseline 0 0"><span class='ocrx_word' id='word_1_117' title='bbox 284 2194 453 2267; x_wconf 89' lang='lat' dir='ltr'>redolent.</span> 
     </span>
    </p>
   </div>
   <div class='ocr_carea' id='block_1_3' title="bbox 187 2494 1496 2822">
    <p class='ocr_par' dir='ltr' id='par_1_5' title="bbox 187 2494 1496 2822">
     <span class='ocr_line' id='line_1_17' title="bbox 329 2494 1496 2571; baseline -0.002 -4"><span class='ocrx_word' id='word_1_118' title='bbox 329 2499 363 2567; x_wconf 81' lang='grc' dir='ltr'>2ο</span> <span class='ocrx_word' id='word_1_119' title='bbox 393 2500 536 2571; x_wconf 77' lang='lat' dir='ltr'>Reuss.</span> <span class='ocrx_word' id='word_1_120' title='bbox 571 2498 806 2570; x_wconf 87' lang='lat' dir='ltr'>Bibliothecae</span> <span class='ocrx_word' id='word_1_121' title='bbox 833 2498 1022 2568; x_wconf 87' lang='lat' dir='ltr'>Vaticanae</span> <span class='ocrx_word' id='word_1_122' title='bbox 1055 2494 1165 2567; x_wconf 85' lang='lat' dir='ltr'>codex</span> <span class='ocrx_word' id='word_1_123' title='bbox 1196 2495 1289 2566; x_wconf 91' lang='lat' dir='ltr'>inter</span> <span class='ocrx_word' id='word_1_124' title='bbox 1320 2494 1496 2567; x_wconf 89' lang='lat' dir='ltr'>Palatinos</span> 
     </span>
     <span class='ocr_line' id='line_1_18' title="bbox 187 2610 1495 2706; baseline -0.004 -21"><span class='ocrx_word' id='word_1_125' title='bbox 187 2655 189 2659; x_wconf 95' lang='lat'>·</span> <span class='ocrx_word' id='word_1_126' title='bbox 259 2670 261 2673; x_wconf 86' lang='lat'>.</span> <span class='ocrx_word' id='word_1_127' title='bbox 284 2614 345 2685; x_wconf 91' lang='lat' dir='ltr'>lat.</span> <span class='ocrx_word' id='word_1_128' title='bbox 367 2615 445 2700; x_wconf 85' lang='lat'>277,</span> <span class='ocrx_word' id='word_1_129' title='bbox 465 2615 523 2685; x_wconf 87' lang='lat' dir='ltr'>sol.</span> <span class='ocrx_word' id='word_1_130' title='bbox 544 2614 586 2685; x_wconf 79' lang='lat'>56</span> <span class='ocrx_word' id='word_1_131' title='bbox 608 2631 616 2683; x_wconf 88' lang='lat'>:</span> <span class='ocrx_word' id='word_1_132' title='bbox 637 2616 837 2706; x_wconf 78' lang='lat' dir='ltr'>Anonymus</span> <span class='ocrx_word' id='word_1_133' title='bbox 850 2613 1059 2685; x_wconf 81' lang='lat' dir='ltr'>Malalianas</span> <span class='ocrx_word' id='word_1_134' title='bbox 1080 2610 1263 2703; x_wconf 84' lang='lat' dir='ltr'>[Chronica</span> <span class='ocrx_word' id='word_1_135' title='bbox 1279 2610 1429 2695; x_wconf 88' lang='lat' dir='ltr'>minora,</span> <span class='ocrx_word' id='word_1_136' title='bbox 1444 2610 1495 2683; x_wconf 92' lang='lat' dir='ltr'>ed.</span> 
     </span>
     <span class='ocr_line' id='line_1_19' title="bbox 287 2729 827 2822; baseline -0.002 -22"><span class='ocrx_word' id='word_1_137' title='bbox 287 2733 492 2815; x_wconf 82' lang='lat' dir='ltr'>Mommsen,</span> <span class='ocrx_word' id='word_1_138' title='bbox 512 2730 582 2803; x_wconf 84' lang='lat' dir='ltr'>vol.</span> <span class='ocrx_word' id='word_1_139' title='bbox 602 2733 660 2808; x_wconf 94' lang='lat' dir='ltr'>lll,</span> <span class='ocrx_word' id='word_1_140' title='bbox 681 2751 716 2822; x_wconf 94' lang='lat' dir='ltr'>p.</span> <span class='ocrx_word' id='word_1_141' title='bbox 737 2729 827 2822; x_wconf 72' lang='lat' dir='ltr'>llil.</span> 
     </span>
    </p>
   </div>
   <div class='ocr_carea' id='block_1_4' title="bbox 577 3005 1130 3162">
    <p class='ocr_par' dir='ltr' id='par_1_6' title="bbox 577 3005 1130 3162">
     <span class='ocr_line' id='line_1_20' title="bbox 577 3005 1130 3078; baseline -0.002 -15"><span class='ocrx_word' id='word_1_142' title='bbox 577 3005 691 3078; x_wconf 80' lang='lat' dir='ltr'>Incipit</span> <span class='ocrx_word' id='word_1_143' title='bbox 705 3006 874 3064; x_wconf 85' lang='lat' dir='ltr'>auctoritas</span> <span class='ocrx_word' id='word_1_144' title='bbox 888 3006 990 3077; x_wconf 90' lang='lat' dir='ltr'>operis</span> <span class='ocrx_word' id='word_1_145' title='bbox 1004 3020 1130 3077; x_wconf 91' lang='lat' dir='ltr'>presen-</span> 
     </span>
     <span class='ocr_line' id='line_1_21' title="bbox 579 3102 1069 3162; baseline 0.002 -2"><span class='ocrx_word' id='word_1_146' title='bbox 579 3106 633 3162; x_wconf 89' lang='lat' dir='ltr'>tis.</span> <span class='ocrx_word' id='word_1_147' title='bbox 652 3103 770 3162; x_wconf 76' lang='lat' dir='ltr'>Christe</span> <span class='ocrx_word' id='word_1_148' title='bbox 785 3102 853 3161; x_wconf 84' lang='lat' dir='ltr'>fave</span> <span class='ocrx_word' id='word_1_149' title='bbox 867 3104 950 3161; x_wconf 91' lang='lat' dir='ltr'>votis</span> <span class='ocrx_word' id='word_1_150' title='bbox 963 3102 1069 3161; x_wconf 90' lang='lat' dir='ltr'>bonis.</span> 
     </span>
    </p>
   </div>
   <div class='ocr_carea' id='block_1_5' title="bbox 524 3297 1191 4745">
    <p class='ocr_par' dir='ltr' id='par_1_7' title="bbox 577 3297 1191 4153">
     <span class='ocr_line' id='line_1_22' title="bbox 577 3297 1074 3370; baseline -0.006 -14"><span class='ocrx_word' id='word_1_151' title='bbox 577 3302 647 3356; x_wconf 88' lang='lat' dir='ltr'>Jam</span> <span class='ocrx_word' id='word_1_152' title='bbox 662 3304 787 3370; x_wconf 90' lang='lat' dir='ltr'>tempus</span> <span class='ocrx_word' id='word_1_153' title='bbox 802 3303 850 3355; x_wconf 86' lang='lat' dir='ltr'>est</span> <span class='ocrx_word' id='word_1_154' title='bbox 864 3306 900 3356; x_wconf 86' lang='lat' dir='ltr'>ut</span> <span class='ocrx_word' id='word_1_155' title='bbox 914 3297 1074 3355; x_wconf 89' lang='lat' dir='ltr'>severitas</span> 
     </span>
     <span class='ocr_line' id='line_1_23' title="bbox 579 3395 1072 3466; baseline 0 -14"><span class='ocrx_word' id='word_1_156' title='bbox 579 3396 750 3454; x_wconf 89' lang='lat' dir='ltr'>luculentis</span> <span class='ocrx_word' id='word_1_157' title='bbox 764 3396 894 3453; x_wconf 87' lang='lat' dir='ltr'>rationis</span> <span class='ocrx_word' id='word_1_158' title='bbox 906 3395 1072 3466; x_wconf 87' lang='lat' dir='ltr'>optutibus</span> 
     </span>
     <span class='ocr_line' id='line_1_24' title="bbox 580 3493 1129 3565; baseline -0.004 -15"><span class='ocrx_word' id='word_1_159' title='bbox 580 3494 725 3551; x_wconf 84' lang='lat' dir='ltr'>omnibus</span> <span class='ocrx_word' id='word_1_160' title='bbox 745 3493 946 3565; x_wconf 88' lang='lat' dir='ltr'>semetipsam</span> <span class='ocrx_word' id='word_1_161' title='bbox 961 3494 1129 3565; x_wconf 88' lang='lat' dir='ltr'>perlustret</span> 
     </span>
     <span class='ocr_line' id='line_1_25' title="bbox 579 3590 1036 3664; baseline -0.004 -16"><span class='ocrx_word' id='word_1_162' title='bbox 579 3591 748 3663; x_wconf 82' lang='lat' dir='ltr'>infaciem,</span> <span class='ocrx_word' id='word_1_163' title='bbox 761 3591 827 3664; x_wconf 86' lang='lat' dir='ltr'>jam</span> <span class='ocrx_word' id='word_1_164' title='bbox 842 3590 1036 3662; x_wconf 87' lang='lat' dir='ltr'>prudentiori</span> 
     </span>
     <span class='ocr_line' id='line_1_26' title="bbox 581 3689 1096 3762; baseline -0.008 -14"><span class='ocrx_word' id='word_1_165' title='bbox 581 3695 697 3748; x_wconf 89' lang='lat' dir='ltr'>conatu</span> <span class='ocrx_word' id='word_1_166' title='bbox 711 3695 872 3762; x_wconf 84' lang='lat' dir='ltr'>tamquam</span> <span class='ocrx_word' id='word_1_167' title='bbox 886 3689 1096 3761; x_wconf 90' lang='lat' dir='ltr'>perobstrusis</span> 
     </span>
     <span class='ocr_line' id='line_1_27' title="bbox 583 3787 1164 3845; baseline -0.005 0"><span class='ocrx_word' id='word_1_168' title='bbox 583 3802 786 3845; x_wconf 87' lang='lat' dir='ltr'>cavernarum</span> <span class='ocrx_word' id='word_1_169' title='bbox 804 3787 917 3845; x_wconf 89' lang='lat' dir='ltr'>rivulis</span> <span class='ocrx_word' id='word_1_170' title='bbox 935 3801 1049 3843; x_wconf 86' lang='lat' dir='ltr'>novam</span> <span class='ocrx_word' id='word_1_171' title='bbox 1067 3791 1099 3843; x_wconf 87' lang='lat' dir='ltr'>et</span> <span class='ocrx_word' id='word_1_172' title='bbox 1113 3787 1164 3843; x_wconf 91' lang='lat' dir='ltr'>in-</span> 
     </span>
     <span class='ocr_line' id='line_1_28' title="bbox 582 3883 1191 3958; baseline -0.005 -16"><span class='ocrx_word' id='word_1_173' title='bbox 582 3891 701 3958; x_wconf 83' lang='lat' dir='ltr'>tegram</span> <span class='ocrx_word' id='word_1_174' title='bbox 720 3900 754 3942; x_wconf 91' lang='lat' dir='ltr'>se</span> <span class='ocrx_word' id='word_1_175' title='bbox 773 3885 888 3942; x_wconf 90' lang='lat' dir='ltr'>veritas</span> <span class='ocrx_word' id='word_1_176' title='bbox 906 3883 1016 3955; x_wconf 86' lang='lat' dir='ltr'>prodat</span> <span class='ocrx_word' id='word_1_177' title='bbox 1031 3899 1071 3941; x_wconf 85' lang='lat' dir='ltr'>ex</span> <span class='ocrx_word' id='word_1_178' title='bbox 1089 3888 1191 3940; x_wconf 89' lang='lat' dir='ltr'>utero.</span> 
     </span>
     <span class='ocr_line' id='line_1_29' title="bbox 583 3981 1124 4054; baseline -0.004 -14"><span class='ocrx_word' id='word_1_179' title='bbox 583 3985 652 4040; x_wconf 84' lang='lat' dir='ltr'>Jam</span> <span class='ocrx_word' id='word_1_180' title='bbox 667 3997 706 4039; x_wconf 92' lang='lat' dir='ltr'>ne</span> <span class='ocrx_word' id='word_1_181' title='bbox 720 3996 778 4039; x_wconf 92' lang='lat' dir='ltr'>nos</span> <span class='ocrx_word' id='word_1_182' title='bbox 793 3981 903 4038; x_wconf 87' lang='lat' dir='ltr'>fallant</span> <span class='ocrx_word' id='word_1_183' title='bbox 916 3981 1124 4054; x_wconf 84' lang='lat' dir='ltr'>multoloquio</span> 
     </span>
     <span class='ocr_line' id='line_1_30' title="bbox 584 4080 1125 4153; baseline -0.006 -15"><span class='ocrx_word' id='word_1_184' title='bbox 584 4096 641 4138; x_wconf 92' lang='lat' dir='ltr'>suo</span> <span class='ocrx_word' id='word_1_185' title='bbox 655 4081 830 4138; x_wconf 88' lang='lat' dir='ltr'>Scottorum</span> <span class='ocrx_word' id='word_1_186' title='bbox 845 4080 995 4153; x_wconf 81' lang='lat' dir='ltr'>scolaces,</span> <span class='ocrx_word' id='word_1_187' title='bbox 1008 4080 1078 4151; x_wconf 87' lang='lat' dir='ltr'>ipsa</span> <span class='ocrx_word' id='word_1_188' title='bbox 1091 4094 1125 4136; x_wconf 91' lang='lat' dir='ltr'>se</span> 
     </span>
    </p>

    <p class='ocr_par' dir='ltr' id='par_1_8' title="bbox 524 4176 1180 4745">
     <span class='ocr_line' id='line_1_31' title="bbox 524 4176 1155 4250; baseline 0.003 -20"><span class='ocrx_word' id='word_1_189' title='bbox 524 4223 528 4230; x_wconf 88' lang='lat'>.</span> <span class='ocrx_word' id='word_1_190' title='bbox 582 4179 674 4236; x_wconf 87' lang='lat' dir='ltr'>nobis</span> <span class='ocrx_word' id='word_1_191' title='bbox 688 4178 803 4235; x_wconf 89' lang='lat' dir='ltr'>veritas</span> <span class='ocrx_word' id='word_1_192' title='bbox 817 4176 1045 4250; x_wconf 87' lang='lat' dir='ltr'>loquidissimis</span> <span class='ocrx_word' id='word_1_193' title='bbox 1059 4176 1155 4234; x_wconf 88' lang='lat' dir='ltr'>labio·</span> 
     </span>
     <span class='ocr_line' id='line_1_32' title="bbox 583 4275 1162 4347; baseline -0.005 -14"><span class='ocrx_word' id='word_1_194' title='bbox 583 4290 653 4333; x_wconf 88' lang='lat' dir='ltr'>rum</span> <span class='ocrx_word' id='word_1_195' title='bbox 671 4279 793 4347; x_wconf 88' lang='lat' dir='ltr'>promat</span> <span class='ocrx_word' id='word_1_196' title='bbox 807 4275 971 4346; x_wconf 89' lang='lat' dir='ltr'>nectareis,</span> <span class='ocrx_word' id='word_1_197' title='bbox 987 4280 1024 4332; x_wconf 88' lang='lat' dir='ltr'>ut</span> <span class='ocrx_word' id='word_1_198' title='bbox 1037 4289 1162 4332; x_wconf 84' lang='lat' dir='ltr'>omnem</span> 
     </span>
     <span class='ocr_line' id='line_1_33' title="bbox 584 4372 1154 4432; baseline -0.005 -1"><span class='ocrx_word' id='word_1_199' title='bbox 584 4374 707 4431; x_wconf 89' lang='lat' dir='ltr'>anobis</span> <span class='ocrx_word' id='word_1_200' title='bbox 721 4372 963 4432; x_wconf 88' lang='lat' dir='ltr'>amaritudinem</span> <span class='ocrx_word' id='word_1_201' title='bbox 978 4374 1068 4429; x_wconf 89' lang='lat' dir='ltr'>tollat</span> <span class='ocrx_word' id='word_1_202' title='bbox 1080 4373 1154 4429; x_wconf 89' lang='lat' dir='ltr'>alle·</span> 
     </span>
     <span class='ocr_line' id='line_1_34' title="bbox 582 4471 1100 4544; baseline 0 -15"><span class='ocrx_word' id='word_1_203' title='bbox 582 4488 623 4529; x_wconf 91' lang='lat' dir='ltr'>ne</span> <span class='ocrx_word' id='word_1_204' title='bbox 637 4471 786 4542; x_wconf 91' lang='lat' dir='ltr'>doctrine,</span> <span class='ocrx_word' id='word_1_205' title='bbox 802 4477 839 4530; x_wconf 87' lang='lat' dir='ltr'>ut</span> <span class='ocrx_word' id='word_1_206' title='bbox 852 4477 942 4529; x_wconf 87' lang='lat' dir='ltr'>antra</span> <span class='ocrx_word' id='word_1_207' title='bbox 955 4471 1100 4544; x_wconf 85' lang='lat' dir='ltr'>caliginis</span> 
     </span>
     <span class='ocr_line' id='line_1_35' title="bbox 584 4567 1158 4642; baseline -0.002 -16"><span class='ocrx_word' id='word_1_208' title='bbox 584 4567 835 4642; x_wconf 73' lang='lat' dir='ltr'>oblnlnuvilante</span> <span class='ocrx_word' id='word_1_209' title='bbox 849 4568 1012 4628; x_wconf 85' lang='lat' dir='ltr'>mendacio</span> <span class='ocrx_word' id='word_1_210' title='bbox 1027 4584 1085 4626; x_wconf 87' lang='lat' dir='ltr'>sua</span> <span class='ocrx_word' id='word_1_211' title='bbox 1098 4582 1158 4626; x_wconf 89' lang='lat' dir='ltr'>uos</span> 
     </span>
     <span class='ocr_line' id='line_1_36' title="bbox 584 4665 1180 4745; baseline 0.002 -20"><span class='ocrx_word' id='word_1_212' title='bbox 584 4667 699 4731; x_wconf 80' lang='lat' dir='ltr'>veritas</span> <span class='ocrx_word' id='word_1_213' title='bbox 713 4668 784 4730; x_wconf 86' lang='lat' dir='ltr'>luce</span> <span class='ocrx_word' id='word_1_214' title='bbox 799 4671 960 4745; x_wconf 61' lang='lat' dir='ltr'>amquam</span> <span class='ocrx_word' id='word_1_215' title='bbox 974 4665 1074 4742; x_wconf 67' lang='lat' dir='ltr'>[solist</span> <span class='ocrx_word' id='word_1_216' title='bbox 1086 4666 1180 4740; x_wconf 84' lang='lat' dir='ltr'>jubar</span> 
     </span>
    </p>
   </div>
   <div class='ocr_carea' id='block_1_6' title="bbox 0 0 1563 5386">
    <p class='ocr_par' dir='ltr' id='par_1_9' title="bbox 0 0 1563 5386">
     <span class='ocr_line' id='line_1_37' title="bbox 0 0 1563 5386; baseline 0 0"><span class='ocrx_word' id='word_1_217' title='bbox 0 0 1563 5386; x_wconf 95' lang='lat' dir='ltr'> </span> 
     </span>
    </p>
   </div>
  </div>
 </body>
</html>
