3082 5386
586 417 734 466 numanis
755 416 946 467 SCRIPTUM.

325 587 415 659 plum
429 587 510 660 ejus,
524 585 617 659 idque
629 585 907 659 improdcientibrtr
923 592 956 644 61
968 584 1090 659 profici·

327 683 451 742 entibus
464 689 497 741 et
509 682 697 756 proficiendo
709 683 979 758 perseverantibus
999 699 1065 755 per·

326 779 392 838 flcit
405 793 413 854 ;
428 797 483 854 spe
497 783 582 840 enirn
597 782 677 840 salbi
691 781 763 841 tacti
777 797 892 840 sumus
907 783 994 841 sicut

203 975 319 1044 Unum
337 973 456 1044 folium
483 975 575 1065 quod
596 983 756 1068 superest
780 975 966 1069 descripsit
984 975 1125 1059 Brundi,
1146 975 1171 1047 1.
1193 998 1225 1047 6.
1246 977 1372 1047 Nullus

159 1087 353 1160 litterarum
371 1097 502 1160 tractus
520 1091 668 1183 septimo
687 1091 825 1162 saeculo
843 1091 1013 1182 posterior
1030 1091 1182 1163 videtur.

607 1473 783 1542 166116
817 1475 917 1542 xxx
1042 1437 1045 1442 ’

197 1724 348 1793 Robur.
380 1719 614 1791 Bibliothecae
650 1721 838 1792 vaticanae
878 1722 990 1792 codex
1026 1721 1157 1810 Regin.
1195 1720 1257 1791 lat.
1298 1722 1374 1808 267,

158 1837 217 1908 161.
230 1836 272 1907 26
293 1855 301 1905 :
321 1835 542 1929 Fulgentius,
556 1834 813 1922 chonimum,
836 1836 898 1907 lib.
912 1839 937 1922 1,
955 1856 1031 1926 666.
1050 1836 1091 1906 16
1113 1837 1257 1928 [Μίς66
1271 1841 1375 1925 LXV,

162 1953 335 2042 161666

424 2114 438 2146 ι
457 2093 608 2167 adgravat
621 2093 761 2152 animam
775 2098 806 2151 61
819 2093 969 2165 deprimit
982 2099 1047 2150 ter-

424 2213 438 2244 «
458 2207 533 2250 rena
546 2191 735 2250 inhabitatio
749 2206 881 2252 sensum
894 2193 979 2251 mul-

423 2296 455 2347 ta
472 2290 663 2364 cogitantem
678 2310 704 2348 ».
719 2291 792 2348 Fuit
805 2288 962 2362 perfectus
975 2303 1027 2346 ex·

421 2388 598 2460 pectatione
611 2388 763 2459 muneris,
779 2386 840 2446 tuit
853 2388 955 2461 inper-

421 2485 522 2544 fectus
535 2485 719 2558 fatigatione
732 2486 930 2558 certaminis;

421 2581 482 2640 init
495 2581 653 2655 perfectus
667 2580 753 2654 quod
766 2587 872 2639 mente
886 2582 1002 2642 servie-

421 2682 476 2740 bat
488 2681 552 2754 legi
561 2681 626 2752 Dei,
641 2680 703 2737 init
716 2679 907 2752 inperfectus
921 2678 1006 2752 quod

421 2794 513 2838 carne
524 2777 681 2837 serviebat
693 2779 765 2850 iege
778 2779 917 2850 peccati;
932 2776 994 2835 tuit

421 2877 578 2951 perfectus
597 2874 790 2935 desiderium
803 2875 927 2934 habens

422 2975 554 3034 dissolvi
568 2978 600 3031 et
612 2987 683 3031 esse
696 2987 770 3030 cum
784 2972 912 3045 Christo,
929 2972 991 3030 tuit

421 3079 529 3132 autem
542 3070 733 3143 inperfectus
748 3071 823 3142 qtiia
836 3069 992 3142 qtramdiu

421 3171 483 3229 tuit
494 3171 528 3228 in
542 3183 667 3241 corpore
681 3167 938 3241 peregrinabatur

421 3267 601 3340 abaciam
616 3264 678 3323 661
690 3264 847 3339 perfectus
860 3266 1047 3337 plenissime

421 3365 525 3423 sciens
539 3364 615 3437 quia
626 3365 708 3421 Deus
720 3377 939 3436 quaecumque
954 3378 1025 3436 pro·

421 3461 510 3519 misit
522 3466 635 3534 potens
649 3465 698 3517 661
711 3465 744 3517 61
757 3460 869 3519 tacere.

421 3560 495 3619 Fuit
507 3563 615 3617 autem
628 3557 820 3629 inperfectus
835 3559 911 3632 quia
924 3560 1006 3618 Deus

421 3660 456 3716 in
469 3657 585 3715 6666116
604 3656 673 3717 suia
684 3655 839 3729 quaedam
852 3654 996 3715 nondum
1010 3656 1055 3715 16-

422 3755 466 3814 cit
479 3769 518 3813 cx
531 3753 680 3812 omnibus
694 3767 776 3827 quae
788 3754 952 3826 promisit;

420 3857 547 3927 propter
560 3850 645 3924 quod
658 3852 755 3909 etiam
764 3865 874 3909 omnes
888 3851 971 3908 anti·
1093 3906 1097 3914 ,

421 3952 477 4024 qui
487 3950 578 4025 justi,
594 3949 678 4008 siout
690 3948 775 4007 idem
788 3951 952 4021 apostolus

421 4048 507 4122 dicit,
520 4068 534 4100 ι
549 4048 730 4106 testimonio
744 4045 817 4105 fidei
831 4047 1002 4120 conproba-

422 4165 437 4201 t
456 4147 480 4204 ti
493 4160 557 4204 non
571 4150 758 4217 acceperunt
770 4145 985 4217 repromissio·

422 4265 437 4296 «
456 4258 539 4316 nem,
555 4245 616 4301 Deo
630 4257 685 4314 pro
698 4242 790 4301 nobis
809 4243 925 4301 melius
938 4242 1105 4315 providen-

1003 4400 1006 4406 ,
1064 4345 1096 4400 16

205 4533 247 4600 16
265 4532 421 4623 margine
441 4545 449 4598 τ
471 4530 597 4600 Omnes
615 4527 749 4620 antiqui
763 4527 851 4620 justi
870 4529 885 4608 ΙΙ
903 4547 973 4598 666
994 4525 1134 4618 perfecti
1158 4526 1235 4599 sine
1253 4528 1268 4607 ΙΙ
1287 4526 1376 4620 sub·

163 4646 322 4741 sequenti
335 4648 423 4728 11666
439 4644 602 4757 perfectio
615 4646 631 4725 ΙΙ
642 4663 699 4716 66.
