3082 5386
536 966 737 1057 delituit
766 967 994 1056 sluttltll

200 1667 280 1734 Jam
316 1661 567 1754 appendicibus
603 1662 726 1734 hastae
763 1663 963 1754 caudaeque
999 1663 1195 1734 litterarum
1228 1665 1371 1757 saepius

158 1788 336 1864 ornantur,
348 1778 483 1849 litterae
502 1800 537 1846 m
554 1798 635 1848 crus
654 1779 808 1850 medium
827 1779 864 1849 in
883 1778 1009 1849 lineola
1027 1779 1126 1870 quasi
1144 1779 1180 1849 in
1199 1779 1285 1850 base
1303 1802 1372 1850 non

158 1915 235 1965 raro
253 1893 479 1987 requiescite
498 1894 604 1965 etiam
623 1901 735 1965 tractu
754 1894 956 1966 medionon
979 1894 1126 1965 rotundo
1144 1894 1207 1966 sed
1227 1895 1371 1982 directo,

158 2008 346 2083 comitante
378 2009 658 2102 perpendiculari
684 2009 823 2094 lineola,
851 2010 1058 2100 insignitum
1084 2009 1236 2103 deniqne
1256 2011 1373 2083 lineae

159 2146 221 2218 pre
244 2149 279 2194 m
305 2126 361 2196 vel
386 2148 411 2193 n
438 2145 628 2217 suppressa
644 2125 758 2196 vocali
789 2125 1023 2217 praecedenti,
1048 2125 1154 2197 etiam
1180 2126 1219 2196 in
1241 2128 1368 2198 mediis

157 2239 331 2327 versibus,
351 2239 587 2333 imponuntur.
846 2236 849 2241 ’

201 2357 451 2438 Quaternicnes
469 2355 576 2447 vulgo
600 2354 637 2425 in
655 2356 771 2428 media
795 2357 857 2427 imi
883 2356 1053 2449 marginis
1073 2365 1171 2448 perte
1189 2366 1369 2428 notantur.

157 2473 411 2544 Grammaticus
437 2473 637 2564 ignorantie
663 2474 799 2560 crescit,
831 2496 849 2542 e
875 2494 956 2544 cum
983 2474 1007 2561 i,
1037 2473 1153 2544 icum
1180 2495 1202 2543 ο
1226 2475 1373 2545 conlun-

157 2588 299 2675 duntur,
313 2597 350 2661 st
363 2609 434 2660 non
450 2589 488 2659 in
507 2588 668 2660 omnibus
686 2589 944 2682 manuscriptis.

622 2927 801 2997 TABVLA
822 2928 898 2997 XCI

202 3177 370 3247 Purusus.
392 3174 628 3246 Bibliothecae
650 3175 783 3266 patriae
810 3175 885 3246 cod.
906 3175 968 3247 lat.
988 3174 1109 3265 12243,
1129 3175 1186 3245 iol.
1209 3177 1239 3246 A
1261 3199 1269 3246 :
1291 3179 1372 3247 Gre-

161 3290 290 3382 gorius,
315 3290 490 3359 Homeliac
514 3289 550 3359 in
568 3289 777 3360 Ezechielem
794 3290 856 3362 lib.
876 3294 904 3377 l,
923 3308 962 3376 v,
982 3291 1037 3403 556
1059 3291 1190 3383 [Migne
1213 3294 1370 3388 LXXVI,

159 3404 223 3475 822
242 3402 349 3474 u·823
368 3403 413 3495 nl.

653 3549 727 3604 Pars
740 3546 873 3606 εἰηίεινα.

424 3697 467 3775 Ει
480 3718 563 3776 sicut
577 3733 631 3789 per
644 3718 841 3776 Salomonem
855 3717 971 3776 dicitur
986 3737 993 3776 ε

520 3816 680 3889 iustorum
695 3817 808 3873 semita
819 3818 911 3888 quasi
924 3817 982 3874 lux

525 3913 696 3985 splendens
710 3913 849 3985 procedit
863 3919 895 3971 et
908 3928 990 3972 cres·
1029 3932 1031 3938 ·

455 4012 498 4068 cit
511 4024 614 4084 usque
628 4008 669 4067 ad
681 4010 854 4081 perlectum
871 4009 963 4068 diem.

453 4111 491 4166 In
505 4123 614 4167 eorum
628 4122 765 4180 namque
779 4108 922 4166 animum
935 4107 993 4165 bc·

313 4187 317 4196 ¹
346 4255 348 4259 .
455 4221 533 4264 num
549 4205 750 4263 desiderium.
765 4204 984 4277 Adqueintel·

455 4305 557 4363 lectus
569 4305 651 4362 lucis
665 4303 794 4360 intimae
805 4303 871 4376 jam
885 4317 957 4374 pars
970 4302 1018 4360 di-

455 4403 485 4459 ei
499 4406 561 4473 est,
576 4400 631 4459 sed
646 4401 721 4474 quia
734 4414 836 4472 usque
850 4398 999 4458 adfinem

456 4503 539 4559 vitae
553 4501 587 4558 in
600 4499 718 4557 virtute
731 4497 899 4570 proficiunt

456 4599 497 4659 ad
509 4598 682 4672 perlectum
697 4596 791 4654 diem.
804 4597 891 4654 'runc

456 4698 591 4758 veniunt
604 4696 730 4770 quando
744 4695 785 4755 ad
798 4708 894 4768 regna
908 4707 973 4753 cae
