3082 5386
558 415 686 464 octavo
707 415 866 465 sinduno.

410 587 502 644 lestia
515 587 667 660 perducti,
683 588 716 645 in
731 601 769 646 ea
781 587 852 646 luee
866 603 962 660 quam

411 684 598 744 desiderant.
615 687 684 744 Jam
698 686 806 745 minus
819 685 940 760 aliquid

410 797 473 840 non
488 783 668 856 habebunt;
684 785 828 856 sequitur
843 784 903 840 :Et

390 900 392 906 ·
480 879 655 939 similitudo
669 882 855 939 animalium
870 895 976 952 aspere

481 983 534 1037 tus
548 993 656 1036 eorum
671 980 762 1052 quasi
777 978 948 1036 carbonum

480 1077 565 1149 ignis
578 1075 767 1149 ardentium,
783 1081 815 1134 et
829 1077 921 1150 quasi
934 1091 981 1135 as·

481 1180 592 1246 peetus
606 1173 837 1247 lampadarum.
855 1175 970 1246 Aspee·

482 1277 535 1330 tus
549 1273 735 1331 animalium
750 1273 938 1332 carbonibus
953 1275 1001 1349 ig·
1105 1321 1112 1336 .

482 1371 532 1428 nis
547 1369 730 1429 ardentibus
744 1369 847 1445 adque
861 1372 979 1444 lampa·

412 1468 507 1527 dibus
521 1473 722 1541 conparatur;
738 1469 885 1543 quisquis

412 1567 497 1625 enim
511 1566 678 1625 carbonem
692 1567 805 1640 tangit,
820 1568 928 1625 ineen-

412 1664 505 1736 ditur,
520 1666 596 1738 quia
607 1664 662 1738 qui
675 1670 781 1722 saneto
794 1665 861 1722 viro
875 1665 988 1724 adhae-

412 1768 472 1834 ret,
488 1763 610 1837 exejus
624 1760 810 1820 assiduitate
826 1763 919 1821 visio-

412 1861 473 1933 nis,
488 1875 552 1918 usu
564 1860 742 1931 locutionis,
758 1862 902 1932 exemplo

413 1960 515 2031 operis
528 1958 648 2030 aceepit
662 1963 699 2015 ut
710 1956 899 2027 accendatur

616 2163 693 2221 Para
707 2163 825 2222 dextra.

413 2327 448 2385 in
461 2339 566 2384 amore
580 2327 732 2399 veritatis,
748 2330 945 2399 peecatorum

414 2439 544 2483 suorum
558 2424 703 2482 tenebras
717 2424 828 2497 fugiat,
844 2425 878 2482 in

415 2521 529 2579 siderio
543 2522 624 2579 lueis
638 2521 822 2580 exardiseat.
838 2525 877 2580 Et

410 2620 477 2693 jam
491 2634 547 2692 per
560 2634 672 2677 verum
683 2634 820 2678 amorem
832 2619 920 2678 arde-

414 2723 456 2790 at,
472 2718 528 2791 qui
542 2719 630 2789 prius
643 2719 677 2775 in
690 2718 857 2791 iniquitate
872 2723 942 2776 tan-

415 2820 484 2874 tum
497 2822 641 2874 mortuus
655 2820 812 2889 quantum
825 2815 910 2888 frigi-

414 2912 476 2971 dus
486 2912 620 2987 jaeebat.
636 2912 810 2985 Lampades
823 2928 897 2971 vero

414 3012 518 3070 lueem
532 3027 623 3070 suam
638 3012 767 3084 longius
781 3026 888 3083 expar-

414 3116 504 3182 gunt,
520 3115 638 3168 etcum
653 3111 687 3167 in
701 3111 761 3168 alio
776 3111 855 3181 sint,
869 3110 902 3166 in
914 3109 975 3167 aiio

412 3206 623 3279 resplendent.
639 3208 699 3274 Qui
715 3209 799 3265 enim
815 3208 929 3279 spiritu
942 3221 1011 3280 pro-

413 3306 548 3378 phetiae,
564 3306 659 3364 verbo
674 3305 832 3365 doetrinae
846 3307 906 3363 mi-

411 3403 589 3461 raculorum
601 3404 698 3474 pollet
712 3403 821 3476 gratia,
835 3402 923 3460 hune

345 3579 348 3586 Ι
411 3501 518 3572 opinio
531 3501 625 3574 longe
640 3502 766 3574 lateque
780 3507 817 3558 ut
830 3501 907 3558 lam-

410 3613 466 3671 pas
481 3600 578 3657 lueet.
596 3599 635 3656 Et
649 3599 704 3670 qui
723 3612 785 3671 que
798 3597 882 3656 bona
895 3597 965 3671 ejus

409 3696 555 3767 audiunt,
572 3697 647 3769 quia
660 3710 717 3767 per
729 3696 808 3754 haee
819 3695 860 3766 ad
873 3710 956 3754 amo-

409 3808 475 3851 rem
489 3794 674 3852 caelestium
688 3800 834 3866 surgunt,
850 3793 883 3850 in
897 3808 934 3851 eo

409 3890 495 3964 quod
509 3906 543 3949 se
557 3905 612 3962 per
625 3890 708 3948 bona
721 3905 814 3962 opera
827 3891 915 3948 exhi-

408 3989 495 4061 bent,
510 3989 602 4062 quasi
616 4003 656 4047 ex
669 3988 823 4059 lampadis
838 3989 933 4046 lumi-

409 4103 449 4146 ne
462 4086 681 4160 resplendent;
695 4089 770 4160 qula
784 4101 857 4161 ergo

408 4186 506 4244 saneti
519 4187 580 4243 viri
594 4184 748 4259 quosdam
758 4186 851 4260 Juxta
862 4200 896 4244 se
910 4186 994 4258 posi-

409 4289 457 4341 tos
471 4284 563 4356 quasi
577 4282 734 4355 tangendo
749 4282 789 4341 ad
803 4298 940 4343 amorem

407 4381 526 4452 patriae
541 4382 685 4440 caelestis
699 4382 885 4454 ascendunt,

408 4477 552 4537 carbonis
566 4485 659 4552 sunt;
675 4481 750 4552 quia
762 4494 836 4537 vero
850 4482 918 4553 qui·

407 4575 543 4634 busdam
557 4577 651 4650 longe
664 4579 777 4649 positis
791 4578 908 4653 lucent,

407 4689 516 4733 eorum
529 4674 661 4748 itenere,
677 4690 717 4733 ne
731 4677 765 4734 in
778 4679 898 4749 peceati

408 4773 460 4831 sui
474 4771 619 4834 tenebras
633 4780 787 4850 corruant,
798 4777 916 4852 lampa-
