3082 5386
158 415 218 481 tta
544 430 777 480 snmuucuus
797 429 987 479 scalmum.

157 599 372 674 supertortbus
386 614 467 674 quae
478 599 628 660 dicuntur
640 607 672 660 et
685 600 811 673 brevi-tl
822 601 928 659 terhic
942 614 1057 659 sensus
1067 606 1116 658 est
1127 618 1134 658 ι
1146 615 1213 659 non
1223 601 1268 658 sit
1278 600 1379 658 incre

160 697 257 759 dulus
271 698 409 772 populus
423 699 600 756 nationum.

1062 793 1250 872 [mmo]
1266 811 1290 854 1·

577 1124 752 1194 TABVLA
770 1124 944 1196 LXXXVI

201 1399 393 1469 Vnttonsn.
414 1395 651 1470 Bibliothecae
670 1399 821 1492 Capituli
840 1399 952 1471 codex
969 1401 1057 1483 LIII,
1073 1399 1129 1485 sl,
1145 1398 1203 1468 fol.
1220 1399 1287 1470 178
1301 1407 1339 1469 r⁰
1362 1423 1370 1467 ε

156 1513 344 1584 Facundus
362 1512 545 1604 episcopus
563 1514 839 1601 HermionensiS,
863 1537 925 1607 pro
945 1513 1136 1605 defensione
1155 1514 1263 1584 triam
1283 1514 1374 1604 copi-

158 1628 308 1698 tuloram
337 1627 477 1699 concilii
510 1628 796 1716 Chalcedonensis,
828 1630 889 1701 lib.
919 1632 977 1714 VI,
1009 1631 1028 1701 5
1066 1631 1208 1721 [iligna
1234 1631 1370 1716 LXVII,

159 1743 220 1815 ort
242 1744 330 1832 nol

628 1872 728 1929 L1nna

228 2049 261 2101 et
274 2043 368 2118 cuius
381 2043 445 2103 nisi
459 2043 499 2103 ab
514 2045 561 2105 eis
575 2045 792 2106 dissimularet
805 2052 989 2121 argueretur
1000 2047 1166 2120 exemplo?

228 2141 292 2200 aud
304 2141 462 2216 numquid
476 2141 546 2202 ideo
559 2144 760 2203 reverendum
775 2144 863 2203 Ibam
877 2159 941 2202 non
953 2143 1065 2202 debuit
1077 2143 1240 2203 absolvere

231 2245 263 2297 et
276 2240 492 2313 episcopatum
507 2242 537 2298 el
551 2246 583 2299 et
596 2243 761 2301 ecclesiam
775 2244 941 2301 restituere
955 2242 994 2299 de
1005 2258 1070 2316 qua
1082 2256 1137 2315 per

232 2338 388 2410 Eutychis
402 2337 570 2397 factionem
584 2341 703 2413 injusta
718 2346 750 2398 et
763 2341 879 2398 absens
893 2346 960 2399 erat
972 2342 1136 2413 expulsus,

230 2437 306 2508 quia
319 2434 417 2494 salsus
432 2441 498 2494 erat
511 2438 545 2494 in
559 2452 691 2510 persona
704 2438 789 2497 beati
802 2439 921 2511 cyrilti,
934 2444 972 2496 ut
983 2453 1058 2497 eum
1071 2439 1127 2496 ali-

231 2532 358 2606 quando
373 2539 497 2606 putaret
510 2549 639 2607 errasse,
655 2537 748 2610 cuius
761 2535 856 2594 fidem
869 2551 934 2595 non
949 2537 1053 2594 sotum
1067 2537 1128 2593 sci-

231 2645 288 2690 ens
300 2636 372 2704 post
384 2633 562 2690 unitionem
576 2648 650 2693 cum
664 2636 868 2693 orientalibus
881 2636 1007 2704 iactam,
1020 2649 1128 2692 veram

233 2731 328 2788 etiam
342 2737 416 2788 ante
430 2731 607 2789 unltionem
621 2734 767 2791 nesciens
781 2732 986 2805 approbavitt
999 2731 1057 2790 sed

234 2842 298 2886 non
312 2829 460 2902 oportuit,
475 2828 636 2901 inquiunt,
652 2834 689 2886 ut
702 2836 773 2901 post
786 2830 869 2888 hanc
883 2831 1061 2888 unitionem
1074 2828 1113 2886 de

231 2927 323 2984 beato
336 2927 452 2998 cyrillo
467 2925 543 2983 talla
555 2927 752 2999 loqueretur:
761 2928 826 3000 ugo
841 2933 948 2986 autem
962 2927 1032 2986 dico
1045 2928 1120 3000 qaia

232 3037 292 3081 nec
305 3028 378 3081 ante
392 3022 569 3080 unttlonem
583 3025 730 3098 oportuit,
745 3026 843 3082 immo
857 3041 915 3083 nec
928 3030 1002 3083 ante
1016 3025 1118 3095 ipsam

232 3119 391 3191 synodum
406 3119 617 3193 Ephesenam,
632 3122 707 3194 quia
720 3123 808 3194 prius
823 3123 1005 3195 interrogari
1019 3122 1157 3192 cyrillus

233 3215 344 3274 debuit
357 3231 395 3275 ac
408 3215 522 3274 deinde
537 3219 667 3290 culpari,
682 3221 710 3277 si
725 3235 788 3277 non
800 3220 1003 3278 satisfaceret.
1019 3218 1080 3278 Sed

232 3329 319 3373 nune
333 3314 414 3373 illud
429 3317 621 3388 quaerimus,
638 3323 743 3374 utrum
757 3319 836 3376 haec
849 3318 1041 3376 venerabilis
1053 3318 1127 3375 ibae

232 3415 326 3484 culpa
339 3427 431 3486 quac,
448 3414 532 3471 sicut
542 3414 609 3487 jam
622 3415 834 3488 probavimur,
848 3432 867 3474 a
880 3415 1002 3488 synodo
1017 3430 1139 3489 quoque

233 3516 341 3570 notata
352 3516 410 3583 ost,
426 3513 506 3570 tanti
522 3510 666 3569 debuerit
680 3501 903 3586 aestimari'ut
917 3515 1055 3586 epistula
1068 3515 1139 3588 ejus

233 3611 490 3682 pronuntiaretur
504 3610 671 3682 haeretica,
689 3626 762 3669 cum
776 3611 861 3670 idem
875 3613 978 3685 ipsius
991 3612 1076 3670 beati

233 3707 342 3779 Cyrilll
354 3708 388 3763 in
403 3707 598 3765 confessione
613 3722 709 3780 quam
723 3709 753 3766 ei
766 3723 821 3780 per
833 3711 967 3768 Paulum
982 3709 1157 3783 episcopum
1171 3709 1233 3765 ori-

232 3806 352 3862 entales
367 3804 605 3863 suscribendam
618 3805 780 3878 miserant,
793 3808 984 3878 approbaret,

233 3903 308 3960 licet
321 3904 354 3959 in
372 3903 435 3960 illis
449 3902 616 3960 duodecim
628 3903 778 3975 capitulis
792 3905 1000 3963 intentionem
1014 3904 1085 3977 ejus

233 3999 370 4058 necdum
384 4000 584 4073 intelligeret.
600 4002 799 4074 cognoscens
813 4016 928 4075 magna
942 4000 1088 4072 synodus

233 4096 319 4170 quod
334 4098 401 4155 sive
416 4099 449 4155 in
464 4099 529 4156 illis
543 4099 702 4172 capitulla,
718 4101 787 4157 sive
801 4100 835 4156 in
849 4101 904 4156 illa
917 4098 1112 4158 confessione
1129 4097 1189 4171 (ne)

233 4196 285 4252 cui
299 4195 412 4253 beatus
426 4197 562 4268 cyrillus
576 4197 753 4269 suscribsit,
770 4195 879 4254 eadem
895 4195 974 4253 fides
989 4200 1083 4268 esset,
1099 4195 1146 4252 ni-

233 4292 280 4349 bil
295 4292 417 4351 differre
428 4293 585 4367 judicavit
598 4294 713 4367 quibus
726 4295 832 4352 verbis
846 4296 1043 4351 enuntiatam
1057 4294 1156 4364 Cyrit-

233 4390 256 4446 ti
270 4389 365 4448 fidem
378 4391 450 4448 Ibas
465 4392 677 4464 approbasset,
695 4407 768 4450 oum
782 4406 857 4449 eum
871 4390 955 4463 quod
969 4405 1113 4448 necessa-

234 4490 318 4546 rium
333 4488 434 4546 fuerat
448 4489 637 4560 approbasse
652 4494 826 4561 constaret3
839 4489 924 4545 unde
939 4503 997 4546 nec
1012 4489 1070 4546 ali-

234 4583 278 4641 ud
292 4585 423 4642 credidit
436 4601 495 4644 nec
509 4586 631 4644 credere
646 4586 757 4644 debuit
770 4588 833 4643 nisi
848 4587 923 4658 quia
936 4589 1040 4656 patres

232 4683 409 4754 orlentales,
423 4684 505 4740 inter
519 4697 599 4755 quos
614 4684 675 4741 luit
687 4685 784 4741 etiam
798 4685 867 4754 ipse
880 4682 953 4739 Ibas
968 4682 1164 4753 aliarumque
