3082 5386
628 125 749 184 0044440
769 125 927 178 sucuro.
1322 117 1380 184 lot

172 297 189 371 11
197 296 534 359 tibumboitcumutt·
542 295 559 370 ΙΙ
568 310 631 370 que
638 295 776 355 1114444100
783 295 919 356 vocabu-
928 296 944 369 11
954 297 1022 357 lum
1032 299 1164 359 nonnisi
1171 314 1249 361 44440-
1257 303 1274 375 11
1284 307 1382 363 torem

162 397 307 472 requirat
323 396 335 470 1
351 395 494 469 00000440
511 399 544 452 01
561 393 648 453 iilius
660 393 672 467 1
684 399 803 465 patrem
825 394 941 452 babere
951 395 967 467 11
977 394 1184 472 demonstrem
1194 399 1211 472 11
1221 401 1331 475 utique
1354 403 1382 460 01

159 492 476 567 filiuseuprineipio
483 505 547 550 non
557 491 623 549 eori-
633 491 649 564 11
658 497 715 564 401,
727 489 765 548 de
775 491 868 565 cujus
878 492 1031 564 principio
1040 508 1177 567 arguens
1186 499 1384 572 euangelista

157 589 286 649 Judecs
305 590 361 664 qui
383 588 423 648 ad
442 589 541 648 solam
560 589 662 647 carnis
672 588 689 660 11
698 589 907 660 respiciebant
930 591 1126 649 nativitatem
1149 593 1193 650 ait
1213 610 1220 650 :
1240 595 1274 652 in
1297 597 1383 667 prin-

157 689 249 760 cipio
257 686 575 758 eratverbum,prout
582 684 650 758 (14-11
662 687 766 743 0014444
773 687 925 758 principio
933 688 1036 744 omnis
1043 694 1220 748 cracaturae
1224 692 1383 764 jameratt

158 787 238 858 ipse
250 788 304 842 ost
316 799 393 842 00440
406 784 522 856 princi·
532 783 545 856 11
557 784 646 856 pium
659 784 715 856 qui
730 785 842 841 eratin
851 798 915 856 quo
924 785 1004 841 Deus
1015 784 1088 842 iecit
1097 787 1219 844 eaelum
1229 794 1261 846 et
1270 793 1382 848 terram

160 884 224 958 qui
239 889 273 941 01
286 884 496 955 interrogatus
510 895 529 939 a
545 879 655 939 Judeis
671 897 678 938 :
692 878 793 953 11044401
810 879 889 937 dicis
906 882 944 938 de
958 886 989 938 te
1005 882 1094 953 ipsc?
1106 884 1285 955 respondit:
1300 887 1384 958 prin·

163 982 291 1055 cipium
306 977 390 1055 quod
404 985 436 1038 st
449 981 559 1051 loquor
571 978 672 1045 vobis,
688 978 699 1050 11
712 977 798 1050 quod
810 980 927 1036 Paulus
942 980 1149 1052 interpretans
1170 981 1247 1040 dicit
1260 985 1335 1056 quia
1348 984 1382 1043 in

165 1079 294 1140 Christo
309 1082 431 1165 0400010
445 1082 522 1135 sunt
534 1076 650 1134 omnia
663 1090 744 1149 quae
753 1074 770 1147 11
780 1081 858 1134 sunt
870 1077 903 1133 ln
918 1075 1012 1134 caelis
1026 1081 1148 1151 atquae
1161 1079 1194 1136 in
1210 1081 1384 1139 1044400404-

166 1177 249 1237 bilia
262 1180 297 1234 et
308 1175 495 1235 invisibilia.

214 1387 382 1481 Ejusdem
400 1384 529 1456 codicis
552 1384 611 1456 iol.
633 1383 841 1474 34241101.
863 1384 1087 1471 Kauffmann,
1108 1407 1142 1478 p.
1170 1387 1210 1458 44
1239 1389 1348 1481 0181]
1372 1406 1380 1459 :

172 1599 191 1643 0
211 1588 416 1642 catecumeno
436 1579 546 1638 fideles
568 1594 588 1638 a
609 1579 772 1653 004...1114
796 1580 886 1639 cristi
907 1581 1051 1640 ministro
1077 1581 1212 1640 iamulos
1230 1584 1320 1644 cristi
1341 1584 1381 1642 ab

171 1683 276 1740 emnlo
292 1678 465 1753 eodemque
482 1678 577 1750 piabo
590 1678 757 1752 litigatore,
768 1677 869 1752 legiti-
879 1677 894 1752 11
905 1692 973 1737 mos
992 1685 1111 1737 actores
1126 1679 1314 1755 justumque
1324 1682 1382 1740 ba·

171 1779 281 1837 bentes
296 1777 460 1851 negotium
471 1775 606 1849 judicari
617 1791 681 1834 non
695 1787 802 1849 posse;
818 1777 934 1848 quippe
947 1791 1019 1834 cum
1034 1778 1104 1834 luce
1114 1777 1130 1848 11
1140 1783 1246 1849 aperta
1258 1779 1381 1836 cunctis

172 1881 283 1935 notum
297 1877 339 1932 sit
349 1873 435 1949 quod
448 1874 530 1931 inter
542 1873 753 1945 disceptantes
767 1873 904 1946 cognitio
917 1888 980 1931 non
994 1872 1143 1932 ediverso
1152 1876 1243 1933 aiter·
1253 1875 1269 1948 11
1280 1877 1380 1935 cantis

172 1974 226 2032 sed
240 1973 360 2032 arbitrii
372 1969 524 2031 auditoris
534 1970 692 2045 judicium
706 1971 834 2045 flagitet.
846 1972 988 2044 Denique
1002 1970 1053 2030 dic
1062 1972 1260 2030 sanctissime
1272 1973 1381 2047 11044014

172 2071 326 2146 flagitium
340 2071 375 2127 in
389 2070 623 2128 conversatione
634 2083 729 2142 quem
738 2069 863 2140 lapsum
877 2069 911 2126 in
925 2083 1078 2142 sermone,
1090 2068 1175 2142 quod
1184 2070 1345 2142 piaculum
1355 2071 1372 2144 11

171 2169 202 2227 in
215 2167 291 2228 fidei
306 2168 474 2241 professio·
484 2168 500 2239 11
510 2182 551 2225 ne
567 2166 685 2237 vidisti,
705 2168 739 2224 in
755 2182 817 2240 quo
827 2167 844 2239 11
854 2165 984 2238 potuisti
999 2166 1197 2240 secundumn
1210 2168 1380 2226 scribturas

171 2282 221 2325 000
233 2282 305 2324 0044-
314 2266 331 2338 11
340 2267 465 2324 vincere
478 2270 515 2323 ut
526 2279 600 2322 cum
612 2264 624 2337 11
636 2265 769 2323 00404140
782 2265 903 2324 soleant
912 2265 928 2337 11
938 2265 1083 2336 plurimis
1093 2264 1206 2324 diebus
1216 2266 1232 2337 11
1242 2267 1379 2337 protrahi

171 2370 205 2423 ut
224 2380 279 2437 per
289 2364 306 2442 11
315 2361 487 2422 adsiduum
508 2362 607 2420 moni·
616 2362 633 2435 11
644 2367 712 2419 tum
736 2362 1002 2434 interveni-uento
1024 2363 1248 2434 correctio-line
1269 2363 1379 2421 nullus

170 2461 228 2534 0114)
239 2461 409 2534 004-11441014
422 2459 691 2532 0004041011100440
701 2457 873 2532 014000ᾶο111
885 2465 920 2517 tu
936 2461 1004 2516 04440
1019 2459 1240 2531 04444010144444-11
1251 2459 1380 2517 (1044014-

169 2557 328 2618 beratione
338 2558 355 2630 11
364 2558 447 2615 intra
457 2573 555 2616 unam
570 2572 653 2615 oram
664 2556 677 2630 11
685 2555 874 2630 judicandos
888 2557 1048 2628 0441110400
1063 2558 1378 2630 quorumltlongevus

168 2657 261 2715 idem·
270 2658 350 2730 nque
365 2662 522 2729 quantum
534 2655 727 2729 1401444044οο
739 2657 899 2713 004400400-
909 2654 923 2727 11
936 2655 996 2712 1400
1007 2655 1135 2712 40104001
1145 2656 1179 2711 in
1189 2655 1204 2726 11
1215 2655 1379 2726 repreben-

166 2755 242 2812 sibi-
253 2755 267 2828 11
279 2756 320 2811 140
330 2755 530 2825 episcopatus
542 2753 554 2826 11
566 2751 863 2811 lascivossordidos-
872 2752 888 2824 11
898 2767 960 2825 que
970 2758 1042 2810 tuos
1052 2751 1175 2810 excide-
1184 2753 1200 2823 11
1209 2757 1257 2810 401
1266 2768 1376 2826 annos,

164 2867 240 2911 nam
250 2852 267 2924 11
277 2866 364 2910 unus
382 2865 490 2909 eorum
509 2857 579 2923 post
589 2852 605 2923 11
615 2851 763 2910 undecim
782 2865 881 2909 annos
891 2850 1077 2922 presbyterii
1091 2851 1221 2923 triginta
1237 2851 1377 2923 quinque

165 2955 322 3008 annorum
336 2954 415 3006 tunc
436 2948 732 3021 cognoscebantur
745 2949 911 3019 episcopus
932 2947 1026 3005 sicuti
1048 2947 1144 3005 etiam
1165 2953 1196 3005 et
1211 2962 1291 3020 quae
1313 2963 1377 3006 non

163 3047 285 3106 latebat
298 3047 404 3119 opinio
427 3053 459 3104 et
472 3047 541 3118 ipsa
554 3051 641 3107 aetas
660 3050 725 3103 tam
735 3046 751 3118 11
761 3059 913 3103 annosam
927 3045 1083 3118 eJ'usmodi
1102 3045 1275 3103 testabatur
1288 3045 1378 3102 func-

165 3146 296 3216 tionem,
312 3143 409 3202 sedet
423 3144 576 3203 10010444444
590 3150 621 3202 01
633 3145 745 3201 44444440-
757 3144 901 3216 11140444444
915 3143 1032 3201 avobis
1047 3159 1101 3215 pro
1113 3143 1254 3201 moribus
1264 3143 1376 3201 vestris

165 3243 386 3301 institutorum
397 3243 452 3315 qui
466 3247 498 3299 et
512 3242 658 3300 canitiem
671 3241 682 3315 11
695 3240 899 3300 execrandam
918 3246 949 3299 et
964 3246 1158 3298 senectutem
1173 3241 1243 3313 ejus
1257 3239 1376 3297 abomi-

166 3340 306 3399 nabilem
318 3340 496 3397 vobiscum
514 3340 651 3412 volun-l}
661 3344 724 3396 tate
744 3338 946 3396 audientibus
965 3337 1200 3407 vociferabatur,
1216 3337 1377 3397 indicabat

166 3439 347 3511 impiaetas;
363 3439 440 3495 alter
453 3437 492 3495 ab
502 3437 519 3508 11
529 3436 744 3496 adulescentia
757 3437 888 3495 clericus
908 3435 1010 3509 adque
1028 3451 1083 3508 per
1101 3435 1244 3508 singulos
1259 3435 1375 3508 gradtm

166 3536 206 3596 ad
218 3537 434 3608 episcopatum

208 3720 385 3812 Margines
417 3718 556 3804 codicis,
586 3718 629 3788 de
653 3739 719 3811 quo
747 3738 853 3811 supra
871 3717 915 3789 ad
932 3716 1004 3788 tab.
1024 3719 1087 3805 XI,
1103 3739 1138 3810 p.
1160 3715 1373 3808 1710004-

168 3857 257 3922 mus,
279 3836 558 3907 dissertationem
576 3834 759 3906 Maximini
778 3833 930 3925 episcopi
948 3832 1116 3926 praebent
1137 3833 1175 3903 in
1193 3855 1262 3926 qua
1280 3834 1373 3903 inse·
1421 3816 1424 3821 ’

166 3953 253 4023 ritur
279 3951 433 4022 Auxenti
461 3951 717 4022 Dorostorensis
746 3950 897 4042 epistula
926 3948 969 4020 de
1000 3948 1079 4029 fido,
1112 3949 1188 4020 rita
1209 3955 1245 4020 et
1276 3949 1373 4019 obitu

167 4066 342 4139 Wulfilac.
376 4070 426 4138 De
453 4067 615 4160 operibus
641 4067 679 4136 in
710 4064 926 4156 marginibus
949 4064 1117 4135 ¹loliorum
1153 4064 1297 4137 att-tlt
1339 4074 1374 4136 et

169 4183 311 4256 tto-tlt
326 4184 480 4254 exaratis
499 4182 678 4254 adeundus
696 4182 921 4267 Kauffmann,
942 4203 996 4274 op.
1018 4181 1076 4250 cit.
1098 4181 1195 4261 Quod
1211 4181 1254 4251 ad
1265 4180 1374 4272 scrip·

148 4306 282 4371 'turam
310 4299 447 4388 attinet,
477 4307 553 4369 tum
579 4298 788 4395 comparatio
820 4319 900 4367 cum
928 4297 1059 4369 Gaiana
1090 4297 1374 4388 interpretatione

169 4414 306 4488 tabulae
316 4415 570 4509 praecedentis,
583 4423 658 4485 tum
675 4415 910 4506 ilagmentum
920 4413 990 4504 (an.
1004 4412 1151 4484 ato-388
1170 4412 1372 4505 respiciens)
