3082 5386
588 432 727 484 serrum
748 435 904 486 sancero.
1314 416 1354 484 tt

185 601 324 673 Codicis
345 601 451 694 hujus
475 622 567 672 unus
596 610 733 715 tantum
762 613 922 697 superest
951 603 1131 696 quaternio
1159 602 1198 673 in
1224 603 1355 696 angulo

143 717 288 799 ultimas
307 717 452 808 paginae
472 716 595 786 dextro
614 721 661 788 ΙΙΙ
678 726 831 790 notatus.
853 722 903 791 De
921 739 961 790 eo
986 725 1134 810 egerunt
1157 721 1192 790 S.
1209 718 1352 804 Brandt,

146 832 343 925 Sitzungsb.
364 832 399 902 d.
419 832 536 903 Wien.
557 831 684 920 Akad,
704 835 761 905 rol
780 838 851 920 CX,
873 857 906 928 p.
930 834 994 904 167
1013 857 1066 927 sq.
1083 842 1117 905 et
1132 837 1169 904 C.
1186 833 1351 920 Schenkl,

148 948 198 1020 ed.
219 948 295 1035 cit,
315 949 478 1034 Praefat,
499 968 535 1041 p.
546 966 666 1019 xxxui
684 971 736 1040 sq.

187 1211 224 1281 2⁰
243 1216 459 1286 Aunnhmnn
472 1214 637 1306 Ejusdem
654 1214 781 1286 codicis
790 1215 847 1285 fol.
861 1215 898 1286 3¹
912 1224 949 1286 νο
966 1233 974 1284 :
994 1216 1225 1305 Augustinus,
1239 1216 1349 1309 Epist.

154 1327 222 1414 187,
245 1329 288 1400 ad
305 1330 506 1400 Dardanum
526 1330 592 1421 [ed.
613 1334 758 1417 Gaume,
780 1340 804 1400 t.
826 1334 868 1416 II,
890 1333 953 1402 col.
976 1332 1063 1402 1029
1082 1330 1233 1423 a-tctcl.

307 1548 399 1618 atquc
412 1545 516 1602 omnis
531 1545 656 1603 renisus
669 1547 811 1617 ipsorum
824 1547 918 1603 nihili
932 1546 1082 1618 penditur

307 1641 407 1701 donec
419 1649 615 1701 sacramenta
627 1649 826 1718 peragantur,
842 1646 956 1717 quibus
968 1644 1001 1701 id
1015 1644 1100 1717 quod

306 1737 346 1795 de
359 1739 504 1811 originali
518 1738 719 1797 damnatione
734 1744 867 1798 tractum
882 1746 930 1797 est
943 1741 1046 1811 expie-

308 1841 369 1908 tur,
384 1837 447 1894 nisi
462 1837 537 1909 quia
550 1838 584 1893 in
599 1843 724 1895 tantum
738 1838 886 1896 nesciunt
897 1838 983 1910 quod
996 1837 1118 1896 iaciunt

307 1937 345 1989 ut
358 1947 418 1990 nec
431 1933 532 1991 facere
542 1934 726 2008 judicentur
736 1936 751 1990 ‘l
763 1936 854 1992 Porro
869 1937 896 1991 si
907 1937 974 2008 jam
987 1940 1051 1992 ute-

306 2036 416 2088 rentur
428 2032 564 2088 rationes
582 2036 615 2088 et
626 2033 798 2102 voluptatis
812 2032 938 2090 arbitrio
952 2047 1014 2104 quo

308 2128 356 2184 illi
371 2127 610 2186 sanctificationi
618 2128 772 2185 adhibere
786 2128 880 2186 debet
893 2144 1054 2201 assensus

274 2216 441 2299 Quantum
454 2227 530 2284 mali
540 2233 625 2284 esset
638 2226 783 2284 resistere
797 2233 901 2284 tantae
915 2228 1032 2299 gratiae

308 2339 464 2397 quamque
475 2339 540 2381 non
554 2326 659 2382 solum
673 2325 754 2381 nihil
768 2325 949 2396 prodeesset
962 2325 1047 2398 quod

308 2421 406 2493 fieret,
422 2436 534 2479 verum
548 2423 644 2479 etiam
658 2421 732 2479 inde
746 2428 852 2480 reatus
866 2422 1024 2480 adcresce-

310 2525 358 2576 ret
371 2520 443 2592 quis
458 2519 651 2577 Christianus
665 2520 788 2592 ignoret
805 2520 820 2576 *ἒ
832 2520 974 2577 Dicimus
989 2534 1062 2593 ergo

310 2618 344 2674 in
358 2617 525 2689 baptizatis
539 2618 690 2688 parvulis
706 2619 852 2690 quamvis
869 2618 902 2675 id
914 2619 1068 2688 nesciant,

306 2714 448 2772 habitare
463 2716 607 2786 spiritum
622 2720 774 2772 sanctam.
791 2716 841 2772 Sic
855 2717 940 2774 enim
954 2732 1029 2774 eum
1040 2719 1188 2775 nesciunt

308 2814 455 2884 quamvis
469 2814 512 2870 sit
527 2814 560 2869 in
575 2814 621 2870 eis
635 2812 914 2885 quemammodum
929 2815 1077 2872 nesciunt

307 2915 339 2966 et
353 2917 492 2968 mentem
507 2925 609 2982 suam,
620 2910 729 2984 jucus¹
749 2911 842 2967 ineis
855 2911 1011 2984 ratio'qua
1024 2914 1072 2969 uti
1086 2927 1140 2969 ne-

307 3005 385 3064 dum
399 3015 544 3080 possunt,
555 3011 645 3066 velut
658 3008 793 3081 quedam
808 3008 970 3066 scentilla²
985 3011 1067 3081 sopi-
1147 3004 1152 3011 “

306 3109 338 3162 ta
351 3111 400 3162 est
414 3106 579 3163 excitanda
592 3109 706 3164 aetatis
720 3120 863 3164 accessu.
880 3108 984 3178 Neque
997 3107 1058 3164 hoc

306 3203 492 3274 imparvulis
506 3205 731 3263 mirum'debet
744 3206 841 3264 videri
857 3221 931 3265 cum
950 3221 1038 3279 apos·

307 3302 391 3360 tolus
406 3303 595 3375 quibusdam
610 3305 704 3361 etiam
720 3305 887 3377 majoribus
903 3304 987 3363 dicat
1002 3323 1008 3361 :
1023 3307 1122 3363 nesci·

308 3402 349 3458 tis
364 3401 439 3472 quia
457 3402 613 3472 templum
625 3402 680 3457 Dei
695 3403 772 3458 estis
791 3407 822 3458 et
841 3401 969 3472 spiritus
983 3403 1039 3459 Dei
1053 3403 1222 3462 habitatin

306 3498 396 3555 vobis
413 3497 480 3554 lde
495 3497 642 3569 qualibus
658 3499 752 3569 paulo
767 3504 839 3555 ante
854 3499 975 3556 dixerat
990 3517 996 3555 :
1017 3501 1136 3558 anima·

307 3596 347 3652 lis
362 3599 469 3652 autem
488 3595 583 3651 homo
597 3610 661 3652 non
675 3597 807 3667 percipit
820 3611 900 3667 quae
916 3602 993 3654 sunt
1006 3597 1135 3668 spiritus

305 3693 360 3750 Dei
372 3704 379 3764 ;
396 3706 477 3764 quos
491 3693 586 3749 etiam
600 3694 748 3765 parvulos
760 3698 862 3765 vocat,
883 3709 947 3750 non
962 3696 1064 3752 carnis

308 3795 410 3848 aetate
426 3791 482 3848 sed
496 3791 612 3848 mentis
625 3803 632 3863 ;
648 3806 712 3847 non
726 3791 838 3862 utique
852 3792 1065 3862 percipiebant

307 3890 521 3963 cognitionem
549 3888 679 3960 spiritus
700 3889 798 3945 sarach
823 3889 879 3960 qui
893 3888 1058 3947 habitabat
1071 3891 1105 3947 in
1119 3892 1176 3961 eis,
1192 3896 1222 3948 et

307 3987 471 4044 habitante
485 3988 519 4043 in
534 4001 568 4043 se
582 3985 697 4058 spiritu
711 3991 817 4043 sanem
829 3985 934 4043 adhuc
947 3988 1099 4045 animales
1112 4003 1189 4046 non-

308 4084 385 4142 dum
398 4085 555 4156 spiritales
567 4089 665 4156 erant,
682 4085 758 4156 quia
771 4083 914 4141 nondum
928 4090 1013 4156 pote-

307 4190 378 4241 rant
391 4183 601 4241 habitatorem
615 4196 710 4241 suum
723 4183 867 4254 spiritum
887 4184 1066 4256 cognitione

307 4283 474 4354 percipere.
490 4281 637 4340 Habitare
652 4287 760 4341 autem
774 4281 844 4339 ideo
857 4285 889 4338 et
902 4283 935 4338 in
950 4282 1064 4339 talibus
1120 4358 1122 4360 q

308 4380 425 4438 dicitur
438 4382 515 4454 quia
528 4381 562 4437 in
576 4382 623 4439 eis
641 4383 762 4440 occulte
776 4383 843 4454 agit
856 4386 893 4438 ut
907 4381 972 4438 sint
986 4386 1063 4440 tem·

177 4633 197 4684 l.
212 4634 285 4688 Corr.
298 4637 385 4700 cujus.

174 4711 199 4764 2.
213 4713 288 4767 Gerr.
301 4715 432 4769 scintilla.
