3082 5386
696 430 849 482 sumans
870 431 1060 482 summunt.

324 595 408 654 dotio
421 598 544 656 eaelum
556 601 768 674 interpraetati
782 609 868 676 sunt,
882 604 1007 662 nullum
1020 611 1165 678 moreat3
1181 606 1241 662 he·

323 693 466 754 braiaum
479 698 565 755 enim
579 700 712 757 mmaim
725 703 903 759 eommunis
917 708 966 759 est
979 704 1113 775 numeri,
1131 708 1163 760 et
1178 709 1243 761 tam

323 794 402 850 caeli
416 808 512 867 quam
523 797 646 854 eaelum
660 797 770 856 eodem
785 801 983 871 appellantur
997 801 1123 859 nomine
1138 806 1175 859 ut
1188 801 1327 875 Thebae,

324 891 475 965 Athenae,
494 893 634 954 Salonas.
650 895 812 970 Numquid
822 912 932 954 servus
945 904 993 955 est
1007 896 1151 973 [l]srahel
1165 906 1221 957 aut
1231 914 1301 957 ver-

321 990 482 1049 naculus?
498 998 576 1064 puto
590 1008 628 1050 ex
646 994 706 1051 hoe
717 995 785 1053 loeo
800 997 1003 1069 superbiam)
1016 999 1115 1055 elatos
1130 999 1278 1055 salvatori

321 1083 440 1146 dixisse
453 1088 589 1149 Judaeos
604 1108 612 1149 ε
628 1106 737 1149 semen
751 1093 909 1152 Abraham
923 1108 1037 1152 sumus
1047 1101 1078 1152 et
1093 1097 1213 1152 nemini
1229 1111 1300 1152 um·

322 1184 431 1256 q]uam
445 1190 646 1248 servivimus.
663 1190 823 1256 Quomodo
837 1198 872 1250 tu
885 1191 965 1250 diois
979 1193 1069 1250 liheri
1082 1194 1169 1250 eritis
1184 1195 1387 1268 nes[oientes]

322 1282 418 1356 qulod
432 1287 535 1344 omnis
546 1288 603 1360 qui
615 1286 689 1345 iaoit
703 1294 866 1360 peecatum
881 1304 992 1348 servus
1005 1292 1125 1362 peooati
1139 1292 1182 1349 sit
1196 1296 1228 1348 et
1242 1307 1306 1350 ser-

326 1385 404 1457 vliat
415 1385 639 1458 unusquisque
653 1387 699 1443 illi
714 1401 733 1444 a
746 1401 808 1458 quo
821 1389 968 1445 vinoitur.
983 1390 1054 1446 Nati
1068 1403 1142 1462 ergo
1157 1389 1195 1446 de
1207 1391 1308 1449 amieo
1323 1391 1379 1448 Dei

318 1484 488 1557 A]hraham
502 1483 579 1541 vitio
594 1497 651 1541 suo
666 1483 739 1542 laeti
753 1491 830 1542 sunt
844 1486 936 1558 quasi
950 1484 1008 1543 filii
1022 1486 1128 1558 chem,
1142 1488 1194 1543 oui
1209 1485 1333 1547 dietum
1347 1494 1399 1546 est
1414 1505 1422 1547 ε

318 1579 516 1654 Mlaledietus
530 1580 711 1653 Chanala1m
725 1595 836 1639 servus
851 1583 910 1640 erit
921 1581 1070 1641 iratribus
1081 1583 1163 1642 suis.

1115 1726 1300 1802 lomim]
1316 1731 1341 1788 1.

309 1970 399 2038 Nota
436 1965 576 2036 modum
613 1966 839 2057 expungendi
878 1967 1029 2040 litteram
1065 1967 1279 2065 superfluam
1318 1969 1356 2040 in
1398 1992 1487 2044 vooe

265 2082 456 2176 superbiam
475 2082 579 2174 (vers.
601 2080 668 2172 29).
690 2083 850 2153 Ceterum
869 2083 980 2154 multa
1006 2085 1145 2177 septimi
1168 2085 1300 2158 saeouii
1333 2087 1486 2179 vestigia

267 2205 468 2291 supersunt.

703 2555 878 2626 TABVLA
900 2557 1047 2626 XXVIII

311 2810 479 2878 Pamsus.
500 2803 733 2875 Bibliothecae
747 2803 880 2896 patriae
901 2802 977 2874 cod.
997 2803 1057 2875 lat.
1083 2824 1165 2874 nov.
1191 2824 1268 2896 aoq.
1290 2804 1392 2890 1629,
1418 2807 1481 2878 fol.

268 2922 287 2993 3
306 2936 345 2993 νο
366 2938 374 2990 :
397 2920 556 3011 Origenis
566 2919 815 2992 commentaria
824 2919 862 2990 in
873 2918 1065 3011 Epistolam
1078 2921 1114 2990 S.
1126 2919 1225 2990 Pauli
1235 2920 1279 2990 ad
1295 2923 1483 3008 Romanos,

266 3038 456 3130 interprete
473 3036 597 3106 Rufino
613 3035 842 3127 Aquileiensi,
853 3034 913 3127 qui
925 3034 1173 3127 praelationem
1185 3033 1319 3107 addidit
1337 3036 1481 3131 [Migne,

267 3155 365 3223 Patr.
384 3175 514 3246 praee,
534 3154 626 3238 XIV,
648 3151 858 3242 attic-8371.

303 3348 395 3407 refert
408 3345 493 3421 quod
506 3360 579 3406 oum
593 3347 739 3404 transiret
751 3346 861 3404 mesos
875 3346 998 3405 invenit
1010 3347 1171 3421 quendam
1184 3347 1273 3407 sede·

303 3452 390 3504 ntem
403 3444 444 3505 ad
459 3445 644 3516 toloneum¹,
660 3444 835 3502 Mattheum
847 3446 989 3504 nomine.
1008 3447 1109 3504 Luoas
1126 3460 1199 3505 vero

301 3543 341 3602 de
355 3543 465 3602 eodem
479 3541 556 3600 dioit
567 3542 642 3614 quia
655 3556 728 3599 oum
743 3543 888 3600 transiret
900 3543 1010 3601 Jheeus
1028 3543 1108 3601 vidit
1125 3544 1331 3616 publicanum

302 3640 461 3716 quendam
474 3640 602 3697 nomine
615 3638 738 3712 Letulvi
750 3645 782 3696 et
794 3638 875 3697 dixit
888 3641 917 3696 ei
933 3656 939 3696 :
956 3640 1090 3714 Sequere
1104 3655 1165 3713 me,
1179 3640 1235 3699 sed
1249 3640 1383 3701 elidem

300 3739 460 3798 Mattheus
473 3738 507 3794 in
521 3736 662 3809 catalogo
676 3737 889 3807 apostolorum
903 3735 979 3795 dioit
992 3743 1065 3809 post
1077 3739 1198 3797 multos
1214 3756 1221 3796 :
1253 3740 1256 3746 '

299 3836 461 3895 Mattheus
474 3834 664 3907 puhlioanus
678 3839 711 3891 et
721 3834 856 3892 Jaoohus
870 3834 984 3905 Alphei
996 3839 1028 3892 et
1038 3834 1180 3917 *Lihheus
1194 3841 1227 3893 et

301 3936 408 3994 Simon
422 3935 595 3993 cananeus.
609 3932 731 3990 Marsus
744 3946 817 3989 vero
831 3932 876 3989 ita
889 3930 982 3989 refert
995 3949 1002 3988 :
1017 3932 1179 3990 Mattheus

178 4063 183 4071 ·
299 4033 490 4107 publicanus
513 4035 546 4088 et
567 4030 702 4089 Thonms
724 4037 756 4088 et
778 4031 914 4088 Jaoobus
934 4029 1049 4102 Alphei
1071 4035 1104 4087 et
1125 4029 1307 4089 Thaddeus.

264 4122 362 4190 Hune
383 4127 520 4187 eundem
541 4142 637 4200 quem
658 4128 817 4187 Mattheus
838 4126 1035 4200 Lehheumt,
1057 4128 1180 4185 Mareus
1206 4127 1409 4188 Thaddeum.

298 4228 424 4301 posuit;
438 4227 540 4285 Luoas
554 4239 627 4282 vero
640 4226 685 4282 ita
698 4226 787 4297 ponit
802 4243 809 4282 ε
824 4225 994 4297 Mattheus,
1010 4225 1156 4298 Thomas,
1176 4225 1315 4283 Jaoohus

297 4331 330 4382 et
350 4314 448 4382 Judas
472 4322 589 4381 Jaoobi.
610 4322 712 4396 Igitur
732 4320 871 4380 eundem
892 4336 988 4395 quem
1010 4322 1170 4380 Mattheus
1190 4321 1380 4398 Lehheum⁸,

293 4571 320 4624 l.
337 4569 413 4621 Gerr.
429 4568 570 4620 teloneum.

290 4653 318 4702 2.
336 4650 412 4701 Gerr.
427 4646 564 4714 labbeum.

290 4731 317 4786 3.
336 4729 411 4783 corr.
427 4726 499 4780 tito.
