3082 5386
557 422 791 474 sustulimus
810 420 998 472 summus.

596 807 769 878 uasvnll
806 807 950 877 LXXIII

210 1064 429 1132 Mitulotattl
449 1056 682 1129 Bibliothecae
707 1056 959 1129 Ambrosianae
988 1054 1099 1128 codex
1131 1055 1267 1128 0105
1299 1056 1397 1147 int,

166 1176 224 1248 lol.
246 1177 338 1247 185:
353 1174 538 1268 Iosephus,
559 1171 600 1242 de
617 1172 703 1242 lello
715 1171 877 1266 judaico,
898 1172 1096 1245 eversione
1129 1171 1289 1266 antiqua,
1318 1172 1384 1245 lib.

166 1295 212 1363 vl
214 1312 320 1384 ,.cap
342 1309 420 1363 ιιι

596 1449 746 1509 rossum

167 1632 267 1691 ottus
280 1631 366 1689 eorm
379 1629 516 1688 ononi·
541 1609 544 1615 ’

166 1744 220 1788 cae
235 1728 441 1787 immanitatis
454 1733 505 1784 est

168 1827 265 1901 gratia
279 1837 409 1897 nocere;
425 1839 499 1882 narn

165 1930 198 1981 et
211 1925 296 1996 ipsae
311 1923 392 1981 serae
406 1927 444 1980 ut
456 1922 551 1979 inter·

164 2020 272 2080 liciant
286 2019 432 2094 praedam
453 2033 499 2077 se-

164 2126 309 2193 quuntur
322 2119 407 2192 loris,
424 2118 526 2190 itaque

163 2231 282 2289 poenae
296 2231 423 2276 acerrae
439 2217 488 2273 in-

164 2321 217 2374 tus
231 2315 398 2374 immanior
409 2315 426 2371 J
428 2313 523 2371 ohan-

163 2414 225 2471 nis.
320 2413 463 2484 Denique

164 2525 237 2569 cum
249 2511 324 2569 talla
335 2515 501 2583 agerentur

164 2609 294 2680 osyris,
309 2609 404 2665 etiam
424 2609 452 2665 si
470 2607 566 2678 aliqui

163 2711 381 2764 revocarentur
394 2705 479 2763 indi-

163 2807 212 2864 cio
225 2811 393 2879 comperto,
409 2810 511 2862 trans·

163 2904 271 2979 lugere
286 2909 392 2961 mmen
406 2904 459 2961 alii

163 3017 227 3061 non
242 3001 449 3073 desinebant;

164 3102 246 3158 inter
259 3115 340 3174 quos
357 3111 495 3157 mannus

161 3199 269 3258 Lazari
279 3201 334 3272 qui
345 3197 505 3257 asserebat

161 3311 217 3369 per
227 3312 325 3354 unam
338 3301 458 3369 portam

164 3395 226 3454 sibi
240 3393 389 3453 creditam
403 3399 530 3451 centum

164 3491 345 3566 quindecim
358 3493 447 3551 milia

162 3595 358 3648 mortuorum
372 3591 464 3662 elata,

162 3687 277 3747 additis
292 3687 397 3746 adhuc
414 3689 512 3745 octin-

162 3787 266 3860 gentis
280 3787 439 3859 octoginta
452 3785 501 3844 lu·

160 3885 300 3958 neribus,
315 3899 355 3942 ex
373 3898 435 3956 quo
450 3884 519 3955 ipse

161 3982 271 4042 tuendi
284 3983 386 4042 vicem
398 3982 510 4056 hnjus·

801 1626 887 1685 modi
901 1629 1070 1701 recepisset
1081 1643 1195 1688 mune·

799 1725 862 1796 ris;
883 1725 979 1799 idque
993 1727 1060 1784 solo
1074 1741 1186 1785 eorum

799 1838 931 1882 numero
949 1825 1117 1883 collectum

798 1923 854 1994 qul
868 1922 1011 1981 mercede
1025 1923 1154 1996 publica

798 2021 915 2091 sepulti
934 2021 1045 2095 iorem,
1060 2036 1150 2093 prae-

798 2123 845 2175 ter
856 2133 911 2177 eos
924 2133 1005 2192 quos
1019 2119 1209 2191 sepelierant

796 2217 858 2274 sui.
931 2216 1017 2282 Quae
1045 2221 1152 2275 autem
1180 2231 1231 2274 se·

795 2315 924 2386 pultuna
946 2315 1008 2371 nisi
1030 2320 1069 2372 nt
1088 2313 1127 2372 de
1152 2329 1224 2372 mu-

794 2427 828 2470 ro
843 2411 994 2471 cadavera
1012 2412 1168 2471 deiceren-

796 2511 872 2567 tur‘t
942 2512 1016 2568 Post
1028 2511 1136 2581 ipsum

794 2607 936 2681 plerique
950 2622 1014 2665 non
1029 2606 1154 2681 ignobi·

794 2707 841 2764 les
855 2707 915 2764 viri
933 2705 1153 2778 confugientes

794 2803 835 2862 ad
848 2805 954 2862 'litum
967 2808 1113 2862 sescenta

793 2903 883 2960 milia
908 2901 1131 2960 defunctorum

793 2999 893 3058 luisse
907 3013 988 3072 quae
1002 3014 1057 3072 per
1077 3003 1182 3071 portae

792 3100 876 3158 elata
888 3081 1054 3157 numerata
1067 3098 1133 3156 sint

793 3196 1089 3267 commemorabant,

791 3310 901 3355 eorum
914 3309 987 3354 vero
1000 3294 1131 3353 cadave-

792 3409 863 3452 rum
878 3409 959 3468 quae
972 3398 1098 3466 propter

793 3491 949 3550 infinitam
970 3505 1147 3563 pauperum

791 3590 1032 3648 multitudinem
1055 3587 1144 3646 eliar-

791 3688 816 3744 ri
840 3689 1041 3760 nequiverint
1060 3687 1184 3760 adque¹

791 3785 826 3842 in
839 3784 987 3844 maximis
1002 3785 1150 3845 domibus

791 3882 1049 3956 diversorumque
1064 3899 1140 3956 ope·

789 3997 861 4040 rum
875 3982 986 4068 spatiis
1004 3983 1160 4056 constipa-

200 4229 343 4324 Josephi
361 4229 515 4301 Historia
532 4228 640 4300 latine
662 4249 761 4300 versa
785 4231 1069 4302 semiuncialibus
1091 4231 1218 4303 litterIs
1236 4234 1370 4328 scripta

156 4348 316 4433 occurrit,
347 4354 383 4418 at
418 4344 529 4417 codex
569 4352 685 4429 vetus,
721 4345 896 4436 plerisque
931 4346 1024 4416 loliis
1055 4347 1207 4435 amissis,
1245 4358 1370 4422 octavo

156 4465 293 4536 circiter
311 4462 449 4535 saeculo
466 4482 556 4533 novo
574 4460 750 4532 scribendi
769 4482 897 4553 genere
911 4463 1103 4555 completus
1123 4472 1188 4535 est.

186 4705 213 4758 1.
229 4703 305 4757 corr.
317 4707 405 4771 atquc.
