3082 5386
540 416 660 470 dururo
682 416 840 465 saecuto.
1261 400 1300 463 15

85 582 255 649 impeditius
269 584 306 638 ad
321 584 478 639 utilitatem
490 585 576 647 nihil,
718 585 964 650 pulchritudinem
979 585 1083 649 valeat,
1098 596 1158 638 non
1172 589 1217 638 ta·

84 680 242 733 deformius
256 681 293 734 ad
306 686 457 747 aspectum
473 682 565 736 videri
716 696 786 738 men
798 684 888 738 etiam
899 683 990 750 capiti
1003 683 1191 749 congruebat.

85 786 205 832 necesse
219 780 280 833 siti
294 785 328 833 ut
341 780 366 832 si
380 779 505 835 elefanto
517 781 608 835 cervi-
717 782 801 834 Texit
813 794 882 846 ergo
896 781 965 833 illut
978 780 1036 846 pllo
1050 785 1080 833 et
1094 781 1164 845 qula
1177 779 1210 832 in

84 889 148 929 cern
162 876 304 943 prolixam
320 879 431 933 tribuas
444 884 496 935 aut
509 892 605 934 eame-
716 892 831 933 summo
845 880 979 932 futurum
990 883 1061 944 erat,
1076 878 1162 944 quasi

85 977 114 1028 lo
128 977 245 1030 brevem
259 977 305 1030 vel
320 977 345 1029 si
359 979 538 1044 serpentibus
551 978 640 1044 pedes
716 989 864 1031 summunt
878 977 1000 1032 aedilicii
1014 978 1132 1030 eulmen
1145 988 1193 1028 or-

117 1148 213 1206 Notae
227 1149 427 1221 marginales.
447 1148 586 1219 Superne
601 1164 609 1205 t
625 1146 664 1205 de
679 1146 848 1205 conexione
863 1147 998 1218 corporis
1011 1145 1097 1203 dicit.
1112 1144 1298 1202 -Inferius

86 1244 382 1317 (praeeunteeodem
393 1245 578 1317 signoquod
588 1248 661 1302 uid
671 1251 902 1316 postlnecesse
913 1246 978 1301 slt»
995 1243 1105 1315 exstat]
1120 1261 1127 1300 :
1140 1241 1301 1300 elifantem

82 1345 234 1400 cervIcem
248 1344 376 1400 brevem
389 1343 505 1400 habere
520 1343 604 1415 dicit,
618 1338 692 1399 nani
706 1348 738 1399 et
751 1342 834 1400 alius
848 1347 956 1400 auctor
970 1340 1087 1399 adserit
1100 1345 1138 1398 ut
1152 1341 1194 1398 sit
1212 1341 1297 1414 nigri

84 1441 207 1498 coloris.

126 1676 201 1742 Duo
220 1679 357 1741 tantum
367 1672 447 1742 lolia
456 1679 645 1765 supersunt
655 1670 787 1762 egregii
800 1669 928 1741 codicis
943 1669 1004 1762 qui
1019 1669 1171 1762 reliquos
1191 1669 1300 1740 etiarn

80 1786 299 1858 venerandos
318 1788 491 1857 Lactaniii
508 1787 617 1858 libros
636 1785 844 1878 antiquitate
862 1805 1029 1879 superare
1058 1785 1212 1856 videtur.
1238 1785 1292 1855 df.

80 1902 254 1993 imagines
281 1903 509 1974 Bononiensis
539 1903 599 1973 701
632 1924 688 1994 ap.
710 1902 891 1990 Silvestre,
920 1901 1079 1992 Paldoqr.
1106 1900 1202 1969 unio.
1223 1900 1297 1972 tab.

81 2020 158 2103 lll,
182 2019 406 2089 laurinensis
432 2020 468 2088 in
487 2039 590 2111 opere
614 2018 746 2090 recenti
764 2023 986 2087 Mortamento
1003 2017 1182 2108 palaeoqr.
1201 2038 1298 2084 sacro

82 2134 247 2226 (Taurini,
279 2135 390 2225 lado),
420 2135 493 2205 tab.
526 2137 600 2220 VII,
630 2133 869 2225 sangallensis
894 2132 958 2202 213
986 2132 1205 2224 palimpsesti
1231 2153 1291 2225 ap.

82 2253 117 2320 S.
147 2251 295 2335 Brandt,
325 2251 526 2342 Sitzungsb.
549 2251 583 2320 d.
613 2251 757 2321 Wiener
783 2249 897 2320 Akad.
924 2247 993 2319 vol.
1024 2250 1128 2319 CVIII
1159 2247 1295 2340 (1881),

80 2386 116 2457 p.
138 2365 199 2435 231
222 2387 299 2458 sqq.

124 2483 218 2560 Quae
239 2481 281 2552 de
299 2481 426 2551 nostris
445 2480 649 2572 fragmentis
662 2479 817 2572 senserit
830 2483 865 2551 S.
887 2479 1018 2549 Brandt
1036 2477 1118 2549 vide
1137 2476 1175 2547 in
1193 2497 1294 2570 prae·

80 2598 208 2668 latione
228 2597 389 2669 editionis
408 2597 641 2688 supradictae,
661 2619 695 2691 p.
717 2616 864 2668 xu-xur.
1284 2587 1287 2591 ’

563 3021 737 3089 TABVLA
769 3021 819 3087 IX

120 3273 309 3351 Vsaodart.
339 3266 574 3339 Bibliothecae
602 3266 751 3358 Capituli
783 3265 858 3336 cod.
892 3267 985 3348 XIV,
1022 3263 1076 3347 12,
1097 3259 1155 3332 111.
1192 3261 1256 3333 120
1281 3283 1290 3329 2

70 3384 230 3455 Hilarius
249 3384 490 3482 PIclavicnsis‚
508 3383 547 3451 de
568 3382 743 3467 Trinitate,
763 3384 804 3466 V,
827 3381 869 3450 ll
892 3381 1031 3472 [Migne,
1048 3381 1093 3463 X,
1116 3377 1223 3469 1391„
1305 3379 1308 3384 ’

671 3634 699 3691 V

112 3825 225 3891 turam,
240 3834 305 3876 non
320 3824 425 3875 tamen
746 3818 815 3870 tum
827 3793 1004 3869 in'homine
1018 3807 1065 3865 fu-

112 3920 192 3975 Deus
207 3933 225 3975 a
240 3932 274 3974 se
289 3916 471 3973 demutatur
745 3912 819 3981 isse,
834 3922 921 3966 nuno
934 3906 1040 3964 visum

111 4033 184 4074 cum
199 4018 232 4073 in
244 4017 372 4073 homine
387 4029 441 4071 no·
745 4008 871 4064 interim
881 4005 1009 4078 patriar-

109 4116 159 4173 his
173 4122 228 4173 aut
242 4115 367 4173 videtur
380 4121 436 4172 aut
629 4179 631 4184 ,
744 4106 813 4164 ohis
823 4108 857 4163 in
871 4105 975 4176 specie
989 4100 1090 4157 homi-

111 4214 252 4270 nascitur
263 4212 408 4269 familiari
742 4205 794 4261 nis
808 4203 863 4260 Dei
879 4199 980 4289 filium
993 4200 1091 4255 Deum
1106 4210 1157 4252 ve-

111 4317 193 4372 inter
207 4330 241 4372 se
256 4314 422 4386 proprieta—
742 4317 814 4358 rum
828 4298 998 4357 doceamus

110 4418 140 4469 te
155 4418 187 4470 et
198 4412 372 4470 nativitatis
742 4413 782 4457 ex
795 4401 885 4472 lege;
900 4409 1034 4468 namque
1046 4407 1120 4450 curn

109 4515 142 4566 et
155 4511 255 4581 visus,
270 4515 308 4567 ut
319 4506 404 4581 quod
418 4521 472 4564 na·
741 4497 885 4554 Abrahae
896 4495 991 4551 homo
1004 4491 1051 4548 vi·

111 4611 180 4663 tum
194 4612 243 4663 est
256 4607 362 4663 visum
377 4605 419 4661 sit
741 4609 798 4653 sus
811 4599 861 4651 est
874 4597 906 4650 et
919 4593 1000 4648 Deus
1015 4587 1121 4646 adora·

109 4715 141 4767 et
155 4706 240 4781 quod
252 4706 359 4763 visum
374 4707 423 4760 cst
741 4699 795 4752 tus
809 4697 841 4749 et
852 4689 952 4765 judex
965 4685 1086 4761 praedi·
