<?xml version="1.0" encoding="UTF-8"?>
<!DOCTYPE html PUBLIC "-//W3C//DTD XHTML 1.0 Transitional//EN"
    "http://www.w3.org/TR/xhtml1/DTD/xhtml1-transitional.dtd">
<html xmlns="http://www.w3.org/1999/xhtml" xml:lang="en" lang="en">
 <head>
  <title>
</title>
<meta http-equiv="Content-Type" content="text/html;charset=utf-8" />
  <meta name='ocr-system' content='tesseract 3.04.00' />
  <meta name='ocr-capabilities' content='ocr_page ocr_carea ocr_par ocr_line ocrx_word'/>
</head>
<body>
  <div class='ocr_page' id='page_1' title='image "./vncialisscriptv00chatgoog_0144.png"; bbox 0 0 3392 5560; ppageno 0'>
   <div class='ocr_carea' id='block_1_1' title="bbox 598 489 1345 553">
    <p class='ocr_par' dir='ltr' id='par_1_1' title="bbox 598 489 1345 553">
     <span class='ocr_line' id='line_1_1' title="bbox 598 489 1345 553; baseline 0 -1"><span class='ocrx_word' id='word_1_1' title='bbox 598 504 703 553; x_wconf 83' lang='lat' dir='ltr'>suxro</span> <span class='ocrx_word' id='word_1_2' title='bbox 723 501 881 552; x_wconf 78' lang='lat' dir='ltr'>sannuno.</span> <span class='ocrx_word' id='word_1_3' title='bbox 1287 489 1345 553; x_wconf 74' lang='lat' dir='ltr'>tte</span> 
     </span>
    </p>
   </div>
   <div class='ocr_carea' id='block_1_2' title="bbox 140 672 1344 1464">
    <p class='ocr_par' dir='ltr' id='par_1_2' title="bbox 140 672 1344 1097">
     <span class='ocr_line' id='line_1_2' title="bbox 180 672 1343 767; baseline -0.004 -18"><span class='ocrx_word' id='word_1_4' title='bbox 180 681 253 748; x_wconf 89' lang='lat' dir='ltr'>Duo</span> <span class='ocrx_word' id='word_1_5' title='bbox 273 677 354 748; x_wconf 87' lang='lat' dir='ltr'>libri</span> <span class='ocrx_word' id='word_1_6' title='bbox 373 675 495 748; x_wconf 87' lang='lat' dir='ltr'>eadem</span> <span class='ocrx_word' id='word_1_7' title='bbox 513 682 735 766; x_wconf 79' lang='lat' dir='ltr'><strong>compactura</strong></span> <span class='ocrx_word' id='word_1_8' title='bbox 749 672 864 767; x_wconf 86' lang='lat' dir='ltr'>juncti</span> <span class='ocrx_word' id='word_1_9' title='bbox 887 681 981 757; x_wconf 87' lang='lat' dir='ltr'>sunt,</span> <span class='ocrx_word' id='word_1_10' title='bbox 1004 672 1184 744; x_wconf 86' lang='lat' dir='ltr'>amborum</span> <span class='ocrx_word' id='word_1_11' title='bbox 1203 682 1343 766; x_wconf 89' lang='lat' dir='ltr'>quater-</span> 
     </span>
     <span class='ocr_line' id='line_1_3' title="bbox 140 787 1339 880; baseline -0.003 -18"><span class='ocrx_word' id='word_1_12' title='bbox 140 792 299 864; x_wconf 90' lang='lat' dir='ltr'>nionibus</span> <span class='ocrx_word' id='word_1_13' title='bbox 322 795 361 862; x_wconf 93' lang='lat' dir='ltr'>iu</span> <span class='ocrx_word' id='word_1_14' title='bbox 392 789 521 880; x_wconf 81' lang='lat' dir='ltr'>angulo</span> <span class='ocrx_word' id='word_1_15' title='bbox 548 789 671 860; x_wconf 89' lang='lat' dir='ltr'>dextro</span> <span class='ocrx_word' id='word_1_16' title='bbox 697 787 817 858; x_wconf 91' lang='lat' dir='ltr'>infimo</span> <span class='ocrx_word' id='word_1_17' title='bbox 843 787 986 860; x_wconf 89' lang='lat' dir='ltr'>ultimae</span> <span class='ocrx_word' id='word_1_18' title='bbox 1014 788 1162 878; x_wconf 76' lang='lat' dir='ltr'>paginae</span> <span class='ocrx_word' id='word_1_19' title='bbox 1181 789 1339 879; x_wconf 81' lang='lat' dir='ltr'>signatis.</span> 
     </span>
     <span class='ocr_line' id='line_1_4' title="bbox 140 902 1344 1000; baseline -0.004 -21"><span class='ocrx_word' id='word_1_20' title='bbox 140 911 296 979; x_wconf 82' lang='lat' dir='ltr'>Fortasse</span> <span class='ocrx_word' id='word_1_21' title='bbox 314 927 395 1000; x_wconf 89' lang='lat' dir='ltr'>pars</span> <span class='ocrx_word' id='word_1_22' title='bbox 412 925 503 997; x_wconf 88' lang='lat' dir='ltr'>quae</span> <span class='ocrx_word' id='word_1_23' title='bbox 521 905 650 977; x_wconf 87' lang='lat' dir='ltr'>Gelasii</span> <span class='ocrx_word' id='word_1_24' title='bbox 668 902 855 997; x_wconf 78' lang='lat' dir='ltr'>epistulam</span> <span class='ocrx_word' id='word_1_25' title='bbox 869 903 1027 974; x_wconf 80' lang='lat' dir='ltr'>eontinet</span> <span class='ocrx_word' id='word_1_26' title='bbox 1045 903 1153 975; x_wconf 84' lang='lat' dir='ltr'>altera</span> <span class='ocrx_word' id='word_1_27' title='bbox 1170 902 1344 994; x_wconf 73' lang='lat' dir='ltr'>antiquior</span> 
     </span>
     <span class='ocr_line' id='line_1_5' title="bbox 141 1032 204 1097; baseline 0.016 -1"><span class='ocrx_word' id='word_1_28' title='bbox 141 1032 204 1097; x_wconf 90' lang='lat' dir='ltr'>est.</span> 
     </span>
    </p>

    <p class='ocr_par' dir='ltr' id='par_1_3' title="bbox 141 1134 1344 1464">
     <span class='ocr_line' id='line_1_6' title="bbox 182 1134 1343 1229; baseline -0.004 -19"><span class='ocrx_word' id='word_1_29' title='bbox 182 1143 221 1210; x_wconf 93' lang='lat' dir='ltr'>ln</span> <span class='ocrx_word' id='word_1_30' title='bbox 237 1139 318 1210; x_wconf 86' lang='lat' dir='ltr'>lolio</span> <span class='ocrx_word' id='word_1_31' title='bbox 335 1137 378 1209; x_wconf 83' lang='lat' dir='ltr'>lo</span> <span class='ocrx_word' id='word_1_32' title='bbox 397 1153 435 1208; x_wconf 82' lang='lat' dir='ltr'>v⁰</span> <span class='ocrx_word' id='word_1_33' title='bbox 454 1137 550 1229; x_wconf 85' lang='lat' dir='ltr'>(olim</span> <span class='ocrx_word' id='word_1_34' title='bbox 567 1135 702 1228; x_wconf 87' lang='lat' dir='ltr'>ultimo)</span> <span class='ocrx_word' id='word_1_35' title='bbox 725 1155 850 1206; x_wconf 87' lang='lat' dir='ltr'>manus</span> <span class='ocrx_word' id='word_1_36' title='bbox 873 1135 1027 1208; x_wconf 84' lang='lat' dir='ltr'>cursoria</span> <span class='ocrx_word' id='word_1_37' title='bbox 1044 1134 1183 1206; x_wconf 83' lang='lat' dir='ltr'>saeculo</span> <span class='ocrx_word' id='word_1_38' title='bbox 1201 1143 1265 1206; x_wconf 81' lang='lat' dir='ltr'>vu⁰</span> <span class='ocrx_word' id='word_1_39' title='bbox 1284 1135 1343 1206; x_wconf 89' lang='lat' dir='ltr'>vel</span> 
     </span>
     <span class='ocr_line' id='line_1_7' title="bbox 141 1249 1344 1348; baseline -0.005 -20"><span class='ocrx_word' id='word_1_40' title='bbox 141 1265 215 1328; x_wconf 80' lang='lat' dir='ltr'>vm·</span> <span class='ocrx_word' id='word_1_41' title='bbox 238 1274 359 1348; x_wconf 84' lang='lat' dir='ltr'>preces</span> <span class='ocrx_word' id='word_1_42' title='bbox 387 1253 557 1344; x_wconf 89' lang='lat' dir='ltr'>quasdam</span> <span class='ocrx_word' id='word_1_43' title='bbox 583 1250 725 1337; x_wconf 80' lang='lat' dir='ltr'>addidit,</span> <span class='ocrx_word' id='word_1_44' title='bbox 753 1251 919 1322; x_wconf 86' lang='lat' dir='ltr'>adhibitis</span> <span class='ocrx_word' id='word_1_45' title='bbox 945 1252 1037 1322; x_wconf 91' lang='lat' dir='ltr'>notis</span> <span class='ocrx_word' id='word_1_46' title='bbox 1060 1249 1344 1344; x_wconf 84' lang='lat' dir='ltr'>taohygraphiois</span> 
     </span>
     <span class='ocr_line' id='line_1_8' title="bbox 143 1368 606 1464; baseline -0.011 -22"><span class='ocrx_word' id='word_1_47' title='bbox 143 1372 183 1444; x_wconf 93' lang='lat' dir='ltr'>de</span> <span class='ocrx_word' id='word_1_48' title='bbox 201 1370 325 1464; x_wconf 87' lang='lat' dir='ltr'>quibus</span> <span class='ocrx_word' id='word_1_49' title='bbox 339 1369 406 1441; x_wconf 92' lang='lat' dir='ltr'>alio</span> <span class='ocrx_word' id='word_1_50' title='bbox 425 1370 500 1440; x_wconf 88' lang='lat' dir='ltr'>loeo</span> <span class='ocrx_word' id='word_1_51' title='bbox 518 1368 606 1459; x_wconf 63' lang='lat' dir='ltr'>egit</span> 
     </span>
    </p>
   </div>
   <div class='ocr_carea' id='block_1_3' title="bbox 183 1705 897 1776">
    <p class='ocr_par' dir='ltr' id='par_1_4' title="bbox 183 1705 897 1776">
     <span class='ocr_line' id='line_1_9' title="bbox 183 1705 897 1776; baseline -0.004 0"><span class='ocrx_word' id='word_1_52' title='bbox 183 1753 189 1765; x_wconf 87' lang='lat'>·</span> <span class='ocrx_word' id='word_1_53' title='bbox 262 1715 282 1756; x_wconf 85' lang='lat'><em>⁰</em></span> <span class='ocrx_word' id='word_1_54' title='bbox 588 1705 760 1776; x_wconf 86' lang='lat' dir='ltr'>TABVLA</span> <span class='ocrx_word' id='word_1_55' title='bbox 784 1705 897 1773; x_wconf 90' lang='lat' dir='ltr'>LXIX</span> 
     </span>
    </p>
   </div>
   <div class='ocr_carea' id='block_1_4' title="bbox 143 1977 1344 2189">
    <p class='ocr_par' dir='ltr' id='par_1_5' title="bbox 143 1977 1344 2189">
     <span class='ocr_line' id='line_1_10' title="bbox 184 1977 1344 2072; baseline -0.006 -19"><span class='ocrx_word' id='word_1_56' title='bbox 184 1985 214 2053; x_wconf 81' lang='lat' dir='ltr'>l⁰</span> <span class='ocrx_word' id='word_1_57' title='bbox 240 1989 409 2056; x_wconf 76' lang='lat' dir='ltr'>Parusus.</span> <span class='ocrx_word' id='word_1_58' title='bbox 437 1978 672 2052; x_wconf 80' lang='lat' dir='ltr'>Bibliothecae</span> <span class='ocrx_word' id='word_1_59' title='bbox 694 1979 828 2072; x_wconf 80' lang='lat' dir='ltr'>patriae</span> <span class='ocrx_word' id='word_1_60' title='bbox 854 1979 928 2050; x_wconf 85' lang='lat' dir='ltr'>cod.</span> <span class='ocrx_word' id='word_1_61' title='bbox 956 1977 1017 2050; x_wconf 87' lang='lat' dir='ltr'>lat.</span> <span class='ocrx_word' id='word_1_62' title='bbox 1038 2000 1119 2049; x_wconf 87' lang='lat' dir='ltr'>nov.</span> <span class='ocrx_word' id='word_1_63' title='bbox 1141 1997 1219 2070; x_wconf 83' lang='lat' dir='ltr'>aeq.</span> <span class='ocrx_word' id='word_1_64' title='bbox 1243 1977 1344 2062; x_wconf 77' lang='lat' dir='ltr'>lb9l,</span> 
     </span>
     <span class='ocr_line' id='line_1_11' title="bbox 143 2091 1341 2189; baseline -0.006 -20"><span class='ocrx_word' id='word_1_65' title='bbox 143 2099 196 2170; x_wconf 91' lang='lat' dir='ltr'>lol.</span> <span class='ocrx_word' id='word_1_66' title='bbox 225 2099 266 2170; x_wconf 90' lang='lat' dir='ltr'>l8</span> <span class='ocrx_word' id='word_1_67' title='bbox 295 2107 332 2168; x_wconf 86' lang='lat' dir='ltr'>v⁰</span> <span class='ocrx_word' id='word_1_68' title='bbox 357 2118 367 2172; x_wconf 74' lang='grc' dir='ltr'><strong>ε</strong></span> <span class='ocrx_word' id='word_1_69' title='bbox 395 2096 625 2188; x_wconf 81' lang='lat' dir='ltr'>Augustinus,</span> <span class='ocrx_word' id='word_1_70' title='bbox 651 2097 767 2166; x_wconf 83' lang='lat' dir='ltr'>Sermo</span> <span class='ocrx_word' id='word_1_71' title='bbox 795 2095 838 2165; x_wconf 83' lang='lat'>22</span> <span class='ocrx_word' id='word_1_72' title='bbox 871 2095 971 2189; x_wconf 86' lang='lat' dir='ltr'>(alias</span> <span class='ocrx_word' id='word_1_73' title='bbox 995 2095 1037 2167; x_wconf 90' lang='lat' dir='ltr'>de</span> <span class='ocrx_word' id='word_1_74' title='bbox 1060 2099 1227 2188; x_wconf 86' lang='lat' dir='ltr'>Tempore</span> <span class='ocrx_word' id='word_1_75' title='bbox 1252 2091 1341 2185; x_wconf 81' lang='lat'>109),</span> 
     </span>
    </p>
   </div>
   <div class='ocr_carea' id='block_1_5' title="bbox 146 2211 648 2308">
    <p class='ocr_par' dir='ltr' id='par_1_6' title="bbox 146 2211 648 2308">
     <span class='ocr_line' id='line_1_12' title="bbox 146 2211 648 2308; baseline -0.01 -22"><span class='ocrx_word' id='word_1_76' title='bbox 146 2215 219 2287; x_wconf 73' lang='lat' dir='ltr'>tlt</span> <span class='ocrx_word' id='word_1_77' title='bbox 242 2214 310 2308; x_wconf 90' lang='lat' dir='ltr'>[ed.</span> <span class='ocrx_word' id='word_1_78' title='bbox 331 2215 475 2297; x_wconf 73' lang='lat' dir='ltr'>(tauma,</span> <span class='ocrx_word' id='word_1_79' title='bbox 495 2214 537 2296; x_wconf 92' lang='lat' dir='ltr'>V,</span> <span class='ocrx_word' id='word_1_80' title='bbox 558 2211 648 2302; x_wconf 71' lang='lat'><strong>1741.</strong></span> 
     </span>
    </p>
   </div>
   <div class='ocr_carea' id='block_1_6' title="bbox 298 2435 1120 4563">
    <p class='ocr_par' dir='ltr' id='par_1_7' title="bbox 343 2435 987 2509">
     <span class='ocr_line' id='line_1_13' title="bbox 343 2435 987 2509; baseline -0.005 -12"><span class='ocrx_word' id='word_1_81' title='bbox 343 2438 498 2498; x_wconf 86' lang='lat' dir='ltr'>modestia</span> <span class='ocrx_word' id='word_1_82' title='bbox 511 2437 691 2496; x_wconf 85' lang='lat' dir='ltr'>humilitate</span> <span class='ocrx_word' id='word_1_83' title='bbox 705 2437 898 2509; x_wconf 83' lang='lat' dir='ltr'>elymosinas</span> <span class='ocrx_word' id='word_1_84' title='bbox 913 2435 987 2494; x_wconf 83' lang='lat' dir='ltr'>laei-</span> 
     </span>
    </p>

    <p class='ocr_par' dir='ltr' id='par_1_8' title="bbox 298 2535 1120 4452">
     <span class='ocr_line' id='line_1_14' title="bbox 298 2535 959 2610; baseline -0.002 -16"><span class='ocrx_word' id='word_1_85' title='bbox 298 2565 302 2576; x_wconf 93' lang='lat'>.</span> <span class='ocrx_word' id='word_1_86' title='bbox 343 2543 442 2609; x_wconf 89' lang='lat' dir='ltr'>entes,</span> <span class='ocrx_word' id='word_1_87' title='bbox 456 2537 655 2610; x_wconf 76' lang='lat' dir='ltr'>ignoscentes</span> <span class='ocrx_word' id='word_1_88' title='bbox 669 2535 754 2609; x_wconf 82' lang='lat' dir='ltr'>quod</span> <span class='ocrx_word' id='word_1_89' title='bbox 768 2550 787 2593; x_wconf 85' lang='lat' dir='ltr'>a</span> <span class='ocrx_word' id='word_1_90' title='bbox 799 2549 959 2608; x_wconf 86' lang='lat' dir='ltr'>quoquam</span> 
     </span>
     <span class='ocr_line' id='line_1_15' title="bbox 343 2633 1095 2707; baseline -0.003 -15"><span class='ocrx_word' id='word_1_91' title='bbox 343 2635 482 2707; x_wconf 86' lang='lat' dir='ltr'>perpessi</span> <span class='ocrx_word' id='word_1_92' title='bbox 498 2634 592 2692; x_wconf 80' lang='lat' dir='ltr'>suntt</span> <span class='ocrx_word' id='word_1_93' title='bbox 605 2633 687 2692; x_wconf 82' lang='lat' dir='ltr'>Talis</span> <span class='ocrx_word' id='word_1_94' title='bbox 701 2639 751 2691; x_wconf 85' lang='lat' dir='ltr'>est</span> <span class='ocrx_word' id='word_1_95' title='bbox 765 2634 851 2692; x_wconf 91' lang='lat' dir='ltr'>enim</span> <span class='ocrx_word' id='word_1_96' title='bbox 864 2635 917 2691; x_wconf 85' lang='lat' dir='ltr'>via</span> <span class='ocrx_word' id='word_1_97' title='bbox 927 2633 1095 2706; x_wconf 88' lang='lat' dir='ltr'>justorum,</span> 
     </span>
     <span class='ocr_line' id='line_1_16' title="bbox 343 2731 1102 2802; baseline -0.003 -12"><span class='ocrx_word' id='word_1_98' title='bbox 343 2732 415 2790; x_wconf 85' lang='lat' dir='ltr'>tatis</span> <span class='ocrx_word' id='word_1_99' title='bbox 426 2736 476 2790; x_wconf 87' lang='lat' dir='ltr'>est</span> <span class='ocrx_word' id='word_1_100' title='bbox 488 2732 541 2790; x_wconf 85' lang='lat' dir='ltr'>via</span> <span class='ocrx_word' id='word_1_101' title='bbox 554 2736 732 2790; x_wconf 69' lang='lat' dir='ltr'>sannorum</span> <span class='ocrx_word' id='word_1_102' title='bbox 746 2731 922 2788; x_wconf 88' lang='lat' dir='ltr'>tenentium</span> <span class='ocrx_word' id='word_1_103' title='bbox 935 2731 1033 2788; x_wconf 85' lang='lat' dir='ltr'>Deum</span> <span class='ocrx_word' id='word_1_104' title='bbox 1047 2745 1102 2802; x_wconf 91' lang='lat' dir='ltr'>pa·</span> 
     </span>
     <span class='ocr_line' id='line_1_17' title="bbox 342 2827 1015 2900; baseline -0.003 -14"><span class='ocrx_word' id='word_1_105' title='bbox 342 2835 431 2900; x_wconf 88' lang='lat' dir='ltr'>trem,</span> <span class='ocrx_word' id='word_1_106' title='bbox 448 2829 625 2886; x_wconf 89' lang='lat' dir='ltr'>tenentium</span> <span class='ocrx_word' id='word_1_107' title='bbox 637 2827 783 2886; x_wconf 83' lang='lat' dir='ltr'>eclesiam</span> <span class='ocrx_word' id='word_1_108' title='bbox 797 2833 940 2899; x_wconf 88' lang='lat' dir='ltr'>matrem,</span> <span class='ocrx_word' id='word_1_109' title='bbox 955 2842 1015 2884; x_wconf 91' lang='lat' dir='ltr'>nee</span> 
     </span>
     <span class='ocr_line' id='line_1_18' title="bbox 343 2925 1007 2999; baseline 0 -15"><span class='ocrx_word' id='word_1_110' title='bbox 343 2927 434 2984; x_wconf 90' lang='lat' dir='ltr'>illum</span> <span class='ocrx_word' id='word_1_111' title='bbox 447 2932 609 2999; x_wconf 88' lang='lat' dir='ltr'>parentem</span> <span class='ocrx_word' id='word_1_112' title='bbox 623 2940 681 2983; x_wconf 88' lang='lat' dir='ltr'>neo</span> <span class='ocrx_word' id='word_1_113' title='bbox 694 2927 789 2986; x_wconf 90' lang='lat' dir='ltr'>istam</span> <span class='ocrx_word' id='word_1_114' title='bbox 803 2925 1007 2998; x_wconf 82' lang='lat' dir='ltr'>offendentes,</span> 
     </span>
     <span class='ocr_line' id='line_1_19' title="bbox 343 3023 1073 3098; baseline 0 -16"><span class='ocrx_word' id='word_1_115' title='bbox 343 3023 446 3082; x_wconf 91' lang='lat' dir='ltr'>sedin</span> <span class='ocrx_word' id='word_1_116' title='bbox 460 3038 563 3084; x_wconf 89' lang='lat' dir='ltr'>amore</span> <span class='ocrx_word' id='word_1_117' title='bbox 577 3023 762 3098; x_wconf 85' lang='lat' dir='ltr'>utrius[que]</span> <span class='ocrx_word' id='word_1_118' title='bbox 778 3024 916 3096; x_wconf 87' lang='lat' dir='ltr'>parentis</span> <span class='ocrx_word' id='word_1_119' title='bbox 929 3025 1073 3082; x_wconf 88' lang='lat' dir='ltr'>viventes</span> 
     </span>
     <span class='ocr_line' id='line_1_20' title="bbox 342 3120 1015 3194; baseline 0.003 -16"><span class='ocrx_word' id='word_1_120' title='bbox 342 3120 426 3179; x_wconf 88' lang='lat' dir='ltr'>etad</span> <span class='ocrx_word' id='word_1_121' title='bbox 439 3121 665 3180; x_wconf 82' lang='lat' dir='ltr'>hoereditatem</span> <span class='ocrx_word' id='word_1_122' title='bbox 679 3126 837 3180; x_wconf 84' lang='lat' dir='ltr'>aeternam</span> <span class='ocrx_word' id='word_1_123' title='bbox 851 3136 1015 3194; x_wconf 87' lang='lat' dir='ltr'>properan-</span> 
     </span>
     <span class='ocr_line' id='line_1_21' title="bbox 342 3218 966 3291; baseline -0.002 -15"><span class='ocrx_word' id='word_1_124' title='bbox 342 3225 400 3289; x_wconf 87' lang='lat' dir='ltr'>tes,</span> <span class='ocrx_word' id='word_1_125' title='bbox 415 3233 479 3276; x_wconf 92' lang='lat' dir='ltr'>nou</span> <span class='ocrx_word' id='word_1_126' title='bbox 493 3218 579 3276; x_wconf 85' lang='lat' dir='ltr'>laeso</span> <span class='ocrx_word' id='word_1_127' title='bbox 593 3225 678 3291; x_wconf 82' lang='lat' dir='ltr'>patre</span> <span class='ocrx_word' id='word_1_128' title='bbox 693 3235 756 3277; x_wconf 94' lang='lat' dir='ltr'>nou</span> <span class='ocrx_word' id='word_1_129' title='bbox 770 3218 855 3277; x_wconf 88' lang='lat' dir='ltr'>laesa</span> <span class='ocrx_word' id='word_1_130' title='bbox 869 3224 966 3276; x_wconf 83' lang='lat' dir='ltr'>matre</span> 
     </span>
     <span class='ocr_line' id='line_1_22' title="bbox 341 3315 1060 3390; baseline 0.003 -17"><span class='ocrx_word' id='word_1_131' title='bbox 341 3316 434 3374; x_wconf 87' lang='lat' dir='ltr'>datur</span> <span class='ocrx_word' id='word_1_132' title='bbox 446 3317 621 3390; x_wconf 78' lang='lat' dir='ltr'>unicuique</span> <span class='ocrx_word' id='word_1_133' title='bbox 635 3315 821 3375; x_wconf 86' lang='lat' dir='ltr'>haereditas.</span> <span class='ocrx_word' id='word_1_134' title='bbox 839 3317 918 3384; x_wconf 86' lang='lat' dir='ltr'>Ouia</span> <span class='ocrx_word' id='word_1_135' title='bbox 932 3315 994 3375; x_wconf 91' lang='lat' dir='ltr'>duo</span> <span class='ocrx_word' id='word_1_136' title='bbox 1006 3331 1060 3390; x_wconf 85' lang='lat' dir='ltr'>pa-</span> 
     </span>
     <span class='ocr_line' id='line_1_23' title="bbox 340 3413 999 3487; baseline -0.002 -14"><span class='ocrx_word' id='word_1_137' title='bbox 340 3419 445 3474; x_wconf 88' lang='lat' dir='ltr'>rentes</span> <span class='ocrx_word' id='word_1_138' title='bbox 458 3429 517 3472; x_wconf 92' lang='lat' dir='ltr'>nos</span> <span class='ocrx_word' id='word_1_139' title='bbox 532 3419 712 3487; x_wconf 79' lang='lat' dir='ltr'>genuerunt</span> <span class='ocrx_word' id='word_1_140' title='bbox 722 3413 763 3472; x_wconf 86' lang='lat' dir='ltr'>ad</span> <span class='ocrx_word' id='word_1_141' title='bbox 776 3419 918 3487; x_wconf 88' lang='lat' dir='ltr'>mortem,</span> <span class='ocrx_word' id='word_1_142' title='bbox 935 3415 999 3473; x_wconf 91' lang='lat' dir='ltr'>duo</span> 
     </span>
     <span class='ocr_line' id='line_1_24' title="bbox 340 3511 1010 3585; baseline 0.001 -15"><span class='ocrx_word' id='word_1_143' title='bbox 340 3516 485 3585; x_wconf 86' lang='lat' dir='ltr'>parentes</span> <span class='ocrx_word' id='word_1_144' title='bbox 500 3526 558 3570; x_wconf 93' lang='lat' dir='ltr'>nos</span> <span class='ocrx_word' id='word_1_145' title='bbox 573 3517 753 3584; x_wconf 83' lang='lat' dir='ltr'>genuerunt</span> <span class='ocrx_word' id='word_1_146' title='bbox 766 3511 918 3570; x_wconf 83' lang='lat' dir='ltr'>advitam</span> <span class='ocrx_word' id='word_1_147' title='bbox 935 3527 1010 3585; x_wconf 86' lang='lat' dir='ltr'>:pa-</span> 
     </span>
     <span class='ocr_line' id='line_1_25' title="bbox 340 3607 990 3686; baseline 0.002 -19"><span class='ocrx_word' id='word_1_148' title='bbox 340 3613 445 3667; x_wconf 82' lang='lat' dir='ltr'>rentes</span> <span class='ocrx_word' id='word_1_149' title='bbox 459 3609 515 3681; x_wconf 90' lang='lat' dir='ltr'>qui</span> <span class='ocrx_word' id='word_1_150' title='bbox 528 3621 587 3665; x_wconf 88' lang='lat' dir='ltr'>nos</span> <span class='ocrx_word' id='word_1_151' title='bbox 602 3615 781 3682; x_wconf 80' lang='lat' dir='ltr'>genuerunt</span> <span class='ocrx_word' id='word_1_152' title='bbox 794 3607 835 3667; x_wconf 86' lang='lat' dir='ltr'>ad</span> <span class='ocrx_word' id='word_1_153' title='bbox 848 3616 990 3686; x_wconf 85' lang='lat' dir='ltr'>mortem,</span> 
     </span>
     <span class='ocr_line' id='line_1_26' title="bbox 339 3703 1072 3781; baseline 0.005 -18"><span class='ocrx_word' id='word_1_154' title='bbox 339 3703 442 3764; x_wconf 81' lang='lat' dir='ltr'>Adam</span> <span class='ocrx_word' id='word_1_155' title='bbox 453 3711 503 3763; x_wconf 90' lang='lat' dir='ltr'>est</span> <span class='ocrx_word' id='word_1_156' title='bbox 516 3711 549 3764; x_wconf 87' lang='lat' dir='ltr'>et</span> <span class='ocrx_word' id='word_1_157' title='bbox 559 3707 638 3778; x_wconf 84' lang='lat' dir='ltr'>Eva;</span> <span class='ocrx_word' id='word_1_158' title='bbox 654 3712 798 3778; x_wconf 85' lang='lat' dir='ltr'>parentes</span> <span class='ocrx_word' id='word_1_159' title='bbox 812 3709 868 3781; x_wconf 86' lang='lat' dir='ltr'>qui</span> <span class='ocrx_word' id='word_1_160' title='bbox 883 3722 940 3765; x_wconf 91' lang='lat' dir='ltr'>nos</span> <span class='ocrx_word' id='word_1_161' title='bbox 955 3723 1072 3780; x_wconf 74' lang='lat' dir='ltr'>genue-</span> 
     </span>
     <span class='ocr_line' id='line_1_27' title="bbox 339 3803 1120 3879; baseline 0.005 -17"><span class='ocrx_word' id='word_1_162' title='bbox 339 3809 414 3862; x_wconf 85' lang='lat' dir='ltr'>runt</span> <span class='ocrx_word' id='word_1_163' title='bbox 425 3803 466 3861; x_wconf 87' lang='lat' dir='ltr'>ad</span> <span class='ocrx_word' id='word_1_164' title='bbox 479 3804 577 3862; x_wconf 88' lang='lat' dir='ltr'>vitam</span> <span class='ocrx_word' id='word_1_165' title='bbox 589 3804 723 3864; x_wconf 76' lang='lat' dir='ltr'>Christus</span> <span class='ocrx_word' id='word_1_166' title='bbox 738 3812 787 3864; x_wconf 88' lang='lat' dir='ltr'>est</span> <span class='ocrx_word' id='word_1_167' title='bbox 800 3812 832 3863; x_wconf 91' lang='lat' dir='ltr'>et</span> <span class='ocrx_word' id='word_1_168' title='bbox 843 3809 965 3865; x_wconf 80' lang='lat' dir='ltr'>eclesia.</span> <span class='ocrx_word' id='word_1_169' title='bbox 982 3807 1020 3864; x_wconf 81' lang='lat' dir='ltr'>Et</span> <span class='ocrx_word' id='word_1_170' title='bbox 1032 3813 1120 3879; x_wconf 87' lang='lat' dir='ltr'>pater</span> 
     </span>
     <span class='ocr_line' id='line_1_28' title="bbox 339 3901 1105 3986; baseline 0.008 -29"><span class='ocrx_word' id='word_1_171' title='bbox 339 3915 431 3958; x_wconf 90' lang='lat' dir='ltr'>meus</span> <span class='ocrx_word' id='word_1_172' title='bbox 443 3901 498 3974; x_wconf 85' lang='lat' dir='ltr'>qui</span> <span class='ocrx_word' id='word_1_173' title='bbox 513 3916 563 3958; x_wconf 88' lang='lat' dir='ltr'>me</span> <span class='ocrx_word' id='word_1_174' title='bbox 579 3903 690 3974; x_wconf 82' lang='lat' dir='ltr'>genuit</span> <span class='ocrx_word' id='word_1_175' title='bbox 703 3901 804 3986; x_wconf 78' lang='lat' dir='ltr'>Adam</span> <span class='ocrx_word' id='word_1_176' title='bbox 818 3905 898 3962; x_wconf 92' lang='lat' dir='ltr'>mihi</span> <span class='ocrx_word' id='word_1_177' title='bbox 911 3904 980 3976; x_wconf 81' lang='lat' dir='ltr'>fuit,</span> <span class='ocrx_word' id='word_1_178' title='bbox 996 3912 1028 3964; x_wconf 90' lang='lat' dir='ltr'>et</span> <span class='ocrx_word' id='word_1_179' title='bbox 1040 3920 1105 3963; x_wconf 85' lang='lat' dir='ltr'>ma-</span> 
     </span>
     <span class='ocr_line' id='line_1_29' title="bbox 340 3997 1066 4061; baseline 0.007 -7"><span class='ocrx_word' id='word_1_180' title='bbox 340 4001 386 4054; x_wconf 88' lang='lat' dir='ltr'>ter</span> <span class='ocrx_word' id='word_1_181' title='bbox 399 4012 471 4055; x_wconf 87' lang='lat' dir='ltr'>mea</span> <span class='ocrx_word' id='word_1_182' title='bbox 483 3997 548 4055; x_wconf 87' lang='lat' dir='ltr'>Eva</span> <span class='ocrx_word' id='word_1_183' title='bbox 561 4000 640 4056; x_wconf 85' lang='lat' dir='ltr'>mibi</span> <span class='ocrx_word' id='word_1_184' title='bbox 656 3999 725 4057; x_wconf 87' lang='lat' dir='ltr'>fult.</span> <span class='ocrx_word' id='word_1_185' title='bbox 740 4001 810 4058; x_wconf 90' lang='lat' dir='ltr'>Nati</span> <span class='ocrx_word' id='word_1_186' title='bbox 826 4016 938 4060; x_wconf 90' lang='lat' dir='ltr'>sumus</span> <span class='ocrx_word' id='word_1_187' title='bbox 953 4017 1066 4061; x_wconf 85' lang='lat' dir='ltr'>seeun-</span> 
     </span>
     <span class='ocr_line' id='line_1_30' title="bbox 340 4091 1027 4171; baseline 0.012 -21"><span class='ocrx_word' id='word_1_188' title='bbox 340 4091 417 4150; x_wconf 90' lang='lat' dir='ltr'>dum</span> <span class='ocrx_word' id='word_1_189' title='bbox 432 4095 526 4152; x_wconf 84' lang='lat' dir='ltr'>istam</span> <span class='ocrx_word' id='word_1_190' title='bbox 540 4097 721 4169; x_wconf 78' lang='lat' dir='ltr'>progeniem</span> <span class='ocrx_word' id='word_1_191' title='bbox 736 4099 847 4171; x_wconf 85' lang='lat' dir='ltr'>earnis,</span> <span class='ocrx_word' id='word_1_192' title='bbox 863 4114 902 4157; x_wconf 84' lang='lat' dir='ltr'>ex</span> <span class='ocrx_word' id='word_1_193' title='bbox 916 4114 1027 4158; x_wconf 90' lang='lat' dir='ltr'>mune-</span> 
     </span>
     <span class='ocr_line' id='line_1_31' title="bbox 338 4191 1051 4268; baseline 0.011 -20"><span class='ocrx_word' id='word_1_194' title='bbox 338 4205 371 4248; x_wconf 91' lang='lat' dir='ltr'>re</span> <span class='ocrx_word' id='word_1_195' title='bbox 385 4191 514 4265; x_wconf 83' lang='lat' dir='ltr'>quidem</span> <span class='ocrx_word' id='word_1_196' title='bbox 527 4194 592 4266; x_wconf 84' lang='lat' dir='ltr'>Dei,</span> <span class='ocrx_word' id='word_1_197' title='bbox 607 4195 683 4268; x_wconf 87' lang='lat' dir='ltr'>quia</span> <span class='ocrx_word' id='word_1_198' title='bbox 695 4200 728 4253; x_wconf 91' lang='lat' dir='ltr'>et</span> <span class='ocrx_word' id='word_1_199' title='bbox 741 4197 840 4255; x_wconf 89' lang='lat' dir='ltr'>istum</span> <span class='ocrx_word' id='word_1_200' title='bbox 854 4212 973 4256; x_wconf 91' lang='lat' dir='ltr'>munus</span> <span class='ocrx_word' id='word_1_201' title='bbox 987 4212 1051 4256; x_wconf 91' lang='lat' dir='ltr'>non</span> 
     </span>
     <span class='ocr_line' id='line_1_32' title="bbox 338 4289 1087 4370; baseline 0.013 -25"><span class='ocrx_word' id='word_1_202' title='bbox 338 4294 388 4346; x_wconf 83' lang='lat' dir='ltr'>est</span> <span class='ocrx_word' id='word_1_203' title='bbox 401 4289 532 4348; x_wconf 85' lang='lat' dir='ltr'>alterius</span> <span class='ocrx_word' id='word_1_204' title='bbox 546 4291 603 4348; x_wconf 88' lang='lat' dir='ltr'>sed</span> <span class='ocrx_word' id='word_1_205' title='bbox 616 4293 681 4364; x_wconf 87' lang='lat' dir='ltr'>Dei,</span> <span class='ocrx_word' id='word_1_206' title='bbox 696 4299 729 4354; x_wconf 89' lang='lat' dir='ltr'>et</span> <span class='ocrx_word' id='word_1_207' title='bbox 744 4299 859 4366; x_wconf 88' lang='lat' dir='ltr'>tamen,</span> <span class='ocrx_word' id='word_1_208' title='bbox 875 4295 995 4368; x_wconf 79' lang='lat' dir='ltr'>fratrea,</span> <span class='ocrx_word' id='word_1_209' title='bbox 1011 4311 1087 4370; x_wconf 90' lang='lat' dir='ltr'>quo-</span> 
     </span>
     <span class='ocr_line' id='line_1_33' title="bbox 338 4386 1002 4452; baseline 0.012 -8"><span class='ocrx_word' id='word_1_210' title='bbox 338 4386 431 4447; x_wconf 89' lang='lat' dir='ltr'>modo</span> <span class='ocrx_word' id='word_1_211' title='bbox 445 4389 512 4446; x_wconf 86' lang='lat' dir='ltr'>nati</span> <span class='ocrx_word' id='word_1_212' title='bbox 527 4391 659 4448; x_wconf 71' lang='lat' dir='ltr'>sumus?</span> <span class='ocrx_word' id='word_1_213' title='bbox 672 4392 758 4450; x_wconf 79' lang='lat' dir='ltr'>certe</span> <span class='ocrx_word' id='word_1_214' title='bbox 773 4397 810 4450; x_wconf 93' lang='lat' dir='ltr'>ut</span> <span class='ocrx_word' id='word_1_215' title='bbox 823 4395 1002 4452; x_wconf 88' lang='lat' dir='ltr'>moriamur.</span> 
     </span>
    </p>

    <p class='ocr_par' dir='ltr' id='par_1_9' title="bbox 621 4488 878 4563">
     <span class='ocr_line' id='line_1_34' title="bbox 621 4488 878 4563; baseline 0.012 -18"><span class='ocrx_word' id='word_1_216' title='bbox 621 4488 810 4563; x_wconf 85' lang='lat' dir='ltr'>[Quaternio]</span> <span class='ocrx_word' id='word_1_217' title='bbox 826 4493 878 4548; x_wconf 89' lang='lat'>111.</span> 
     </span>
    </p>
   </div>
   <div class='ocr_carea' id='block_1_7' title="bbox 163 4713 1332 4825">
    <p class='ocr_par' dir='ltr' id='par_1_10' title="bbox 163 4713 1332 4825">
     <span class='ocr_line' id='line_1_35' title="bbox 163 4713 1332 4825; baseline 0.014 -30"><span class='ocrx_word' id='word_1_218' title='bbox 163 4741 185 4795; x_wconf 93' lang='lat' dir='ltr'>l.</span> <span class='ocrx_word' id='word_1_219' title='bbox 198 4744 379 4802; x_wconf 78' lang='lat' dir='ltr'>Introduction</span> <span class='ocrx_word' id='word_1_220' title='bbox 392 4751 410 4802; x_wconf 81' lang='grc' dir='ltr'><em>ὰ</em></span> <span class='ocrx_word' id='word_1_221' title='bbox 423 4750 451 4803; x_wconf 85' lang='lat' dir='ltr'>la</span> <span class='ocrx_word' id='word_1_222' title='bbox 462 4750 561 4804; x_wconf 81' lang='lat' dir='ltr'>laetare</span> <span class='ocrx_word' id='word_1_223' title='bbox 569 4737 616 4806; x_wconf 72' lang='lat' dir='ltr'>dea</span> <span class='ocrx_word' id='word_1_224' title='bbox 629 4713 703 4806; x_wconf 73' lang='lat' dir='ltr'>notae</span> <span class='ocrx_word' id='word_1_225' title='bbox 716 4755 1045 4824; x_wconf 72' lang='lat' dir='ltr'>omnimaa,p.1tt-1ao,</span> <span class='ocrx_word' id='word_1_226' title='bbox 1059 4757 1163 4811; x_wconf 65' lang='lat' dir='ltr'>aaa-231</span> <span class='ocrx_word' id='word_1_227' title='bbox 1172 4765 1199 4811; x_wconf 92' lang='lat' dir='ltr'>et</span> <span class='ocrx_word' id='word_1_228' title='bbox 1211 4759 1249 4825; x_wconf 90' lang='lat' dir='ltr'>pl.</span> <span class='ocrx_word' id='word_1_229' title='bbox 1260 4759 1332 4812; x_wconf 84' lang='lat' dir='ltr'>XllI.</span> 
     </span>
    </p>
   </div>
   <div class='ocr_carea' id='block_1_8' title="bbox 0 0 1700 5560">
    <p class='ocr_par' dir='ltr' id='par_1_11' title="bbox 0 0 1700 5560">
     <span class='ocr_line' id='line_1_36' title="bbox 0 0 1700 5560; baseline 0 3"><span class='ocrx_word' id='word_1_230' title='bbox 0 0 1700 5560; x_wconf 95' lang='lat' dir='ltr'> </span> 
     </span>
    </p>
   </div>
  </div>
 </body>
</html>
