3082 5386
530 411 677 462 ‘OCTAVO
698 411 856 462 annuum.

167 580 409 655 indieqnande
805 580 925 639 fruetus
938 583 1055 639 mees¹.

167 678 368 752 adloquenda
377 679 450 737 esti
776 679 912 737 Ecnnsu
926 677 1051 738 canisio
1065 691 1148 737 men
1163 697 1170 736 :

146 768 179 838 Si
193 792 307 836 murus
321 782 372 834 esi
385 776 469 834 aedi·
777 777 837 842 Qui
852 776 976 837 habites
991 777 1024 832 in
1039 776 1150 848 h[0rtis

167 875 299 934 fieemus
314 890 497 947 supereum
803 874 897 932 amisi
910 873 1104 946 auseu1i[ant

166 974 406 1047 propugnacula
804 969 852 1027 ise
865 985 916 1027 me
931 968 1040 1026 audire

167 1073 327 1141 argentea.
802 1072 1021 1124 vocemiuam.

145 1157 178 1226 Si
191 1169 314 1226 ostium
327 1173 385 1238 esi,
401 1182 475 1224 eon·
777 1165 864 1253 Fuge
879 1164 991 1221 dilecte
1005 1165 1050 1221 mi

166 1276 338 1348 pingamus
353 1273 434 1332 illud
803 1267 836 1318 et
849 1262 1034 1319 assimulare

166 1371 286 1430 tabuiis
300 1371 445 1430 cedrinis,
804 1373 931 1430 capreae
945 1355 1135 1433 hinu[loque
1151 1362 1153 1369 ⁴

141 1458 322 1528 Rnsnonnn
339 1482 491 1529 eaesis:
804 1471 966 1513 servorum
979 1456 1086 1528 super

139 1557 208 1640 Ego
221 1580 335 1625 murus
349 1572 382 1624 et
395 1566 492 1625 ubera
803 1559 927 1611 montes
942 1554 1141 1626 aromatum.

164 1679 236 1724 mea
249 1666 335 1724 sieut
346 1666 440 1724 iureis

139 1755 189 1824 Ex
202 1779 266 1837 que
280 1764 362 1822 faeta
375 1779 448 1823 sum

164 1877 269 1922 eoram
283 1878 320 1920 ee
337 1863 429 1935 qussi
801 1862 955 1920 EXPLicie
965 1862 1063 1919 LIBer
1072 1861 1248 1934 Cinneis

165 1975 276 2034 paoem
288 1962 481 2033 repperiens.

140 2052 320 2124 Smeoun
336 2074 476 2121 ncnnsm
801 2056 1045 2116 CANTIGORVM

166 2172 248 2218 men
262 2177 270 2217 ε

133 2248 240 2317 Vinea
253 2257 315 2317 inii
326 2255 455 2330 pseifieo

165 2355 272 2425 ineis]
286 2369 368 2428 quae
382 2354 479 2415 habet
801 2341 938 2400 INCIPIT
952 2339 1079 2412 LIBE[R

165 2456 328 2630 fligsffis
343 2551 464 2624 versus]
802 2535 984 2610 [Sapientiae
1002 2534 1194 2607 Samnii]

135 2803 221 2872 octo
245 2800 327 2871 felis
344 2799 470 2872 mutila
488 2805 678 2890 supersunt
697 2794 825 2867 codicis
849 2790 1135 2863 Ecclesiasticum
1162 2811 1203 2861 ae
1223 2792 1310 2862 Gan·

86 2919 161 2991 ties
178 2919 399 2990 cantieorum
413 2917 598 2987 minimum
613 2911 837 2994 continentis,
851 2907 1001 2999 singulis
1017 2907 1156 2998 paginis
1175 2907 1216 2977 30
1230 2928 1308 2978 ver·

89 3056 152 3106 sus
178 3035 402 3107 habentibus.
425 3033 530 3105 Tituli
557 3032 665 3102 minio
693 3036 775 3099 suni
800 3025 921 3116 scripti
939 3023 997 3095 vel
1023 3024 1138 3115 potius
1158 3024 1307 3094 minium

89 3160 284 3224 atramento
298 3151 586 3244 superinductum
604 3156 671 3234 est,
691 3147 791 3216 itaut
809 3141 959 3213 colorem
978 3140 1123 3210 rubrum
1141 3161 1212 3211 non
1228 3161 1305 3211 rare

91 3276 188 3340 aetas
207 3267 340 3339 tulerit.

133 3485 169 3553 2⁰
188 3485 323 3554 Sinon
342 3482 465 3551 Genu.
483 3477 719 3549 Bibliothecae
738 3478 894 3549 coenobii
913 3478 1021 3550 codex
1043 3487 1080 3548 n⁰
1100 3478 1200 3565 1395,
1221 3501 1304 3572 pag.

95 3600 185 3670 389:
208 3597 364 3668 Psalmus
383 3595 460 3679 106,
483 3594 600 3664 17-27.

335 3781 367 3832 ei
381 3774 516 3846 suscipit
529 3787 583 3830 ees
600 3772 639 3830 de
652 3773 705 3831 via
718 3775 896 3849 iniquitatis
911 3777 1057 3850 e0r[um];

336 3877 462 3945 propter
474 3871 650 3944 injustitias
664 3872 748 3928 enim
760 3888 834 3931 suas
849 3874 954 3930 humi·

334 3971 403 4028 listi
418 3973 504 4027 suni.
572 3968 705 4026 Omnem
719 3983 823 4028 eseam
833 3970 996 4028 abomina-

335 4073 368 4126 ie
381 4072 431 4125 est
442 4066 548 4125 anima
560 4080 667 4124 eorum
680 4072 711 4123 et
723 4066 951 4140 adpropinque-

335 4168 449 4223 verunt
463 4178 566 4237 usque
580 4163 620 4221 sd
636 4169 741 4236 perias
754 4167 877 4222 mortis,

306 4255 350 4322 iit
364 4252 580 4321 clamaverunt
594 4261 635 4319 ad
647 4262 813 4320 Dominum
827 4276 899 4319 eum
914 4262 1011 4319 tribu·

336 4363 485 4433 iurentur,
500 4363 532 4416 et
544 4359 583 4416 de
595 4360 834 4418 necessitatibus
845 4375 952 4417 eorum

123 4588 145 4640 l.
162 4589 215 4642 Pro
229 4605 293 4642 voce
313 4605 383 4642 meos
395 4590 492 4656 injurie
505 4590 602 4656 scripte
619 4595 752 4642 corrector
769 4590 879 4642 inseruit
891 4590 959 4640 iuter
977 4589 1060 4640 lineas
1071 4589 1132 4653 ejus
1150 4588 1222 4652 (nois
1236 4586 1303 4638 tiro·

96 4666 186 4736 uisne).
