3082 5386
185 1067 380 1160 tuition
408 1067 511 1154 Post
539 1067 759 1153 CHRISTUM
786 1064 937 1153 Notou
964 1064 1193 1169 susceptu

624 1364 755 1384 ἡ

129 1757 255 1837 Quinto
271 1759 320 1848 (et
338 1759 484 1829 fortasse
499 1758 658 1828 nonnulli
672 1759 807 1850 quarto)
827 1759 966 1830 saeculo
985 1758 1161 1829 tribuendi
1173 1759 1297 1830 viden·

82 1880 140 1942 tur
155 1873 181 1941 ii
200 1873 337 1944 codices
364 1873 548 1965 inquibus
574 1878 601 1943 L
620 1875 732 1944 omnis
759 1875 890 1946 caudae
910 1895 1036 1966 expers
1064 1874 1211 1944 rotunde
1237 1873 1296 1944 vel

83 1989 214 2059 directe
243 1988 388 2073 desinit,
417 1993 443 2058 P
465 1998 588 2061 ventre
616 1990 771 2061 modesto
797 1999 832 2062 et
857 1991 948 2060 male
975 1989 1111 2074 clauso,
1138 1993 1167 2060 R
1192 1990 1297 2060 etiam

84 2125 191 2194 parvo
219 2113 342 2175 ventre
366 2104 428 2174 vix
457 2104 637 2175 dimidiam
659 2105 797 2176 hastam
822 2114 993 2198 aequante
1020 2112 1171 2190 notatur,
1201 2108 1228 2174 F
1257 2126 1297 2175 ac

86 2222 112 2286 T
140 2219 308 2290 brevibus
334 2221 474 2298 ¹lineolis
503 2224 714 2292 transversis
741 2243 889 2313 parvum
926 2230 1097 2313 occupant
1126 2221 1296 2313 spatium,

86 2337 120 2402 M
154 2336 385 2406 semicirculis
418 2338 530 2428 puris,
555 2341 597 2407 N¹
615 2337 728 2408 trihus
755 2337 858 2409 lineis
890 2345 1093 2408 ornamento
1122 2331 1299 2407 destitutis

86 2460 260 2522 exaratur.

131 2572 316 2638 Praeterea
334 2569 564 2639 inveniuntur
577 2569 614 2638 in
632 2569 839 2661 quibusdam
858 2569 957 2639 libris
976 2568 1183 2661 compendia
1195 2547 1297 2654 Did&
1357 2597 1359 2600 ·
1435 2620 1439 2630 f

84 2669 177 2768 Didi,
199 2671 397 2775 DddO,‚pr0
423 2684 602 2770 Dominus,
624 2685 777 2770 Domini,
799 2685 959 2763 Domino,
981 2693 1067 2772 etc‚;
1089 2693 1125 2754 at
1147 2684 1182 2753 id
1206 2684 1299 2786 anti·

84 2799 229 2888 quitatis
256 2819 416 2870 summae
444 2800 695 2897 testimonium,
715 2801 807 2892 quod
830 2802 909 2892 jure
934 2800 1152 2871 admiserunt
1171 2799 1294 2884 critici,

82 2923 294 2985 nontamen
314 2914 351 2984 in
377 2914 538 2989 omnihus
556 2916 807 2986 vetustissimis
826 2916 1003 2987 codicibus
1024 2925 1186 3008 apparet,
1204 2915 1297 2987 unde
1415 2952 1421 2957 ·

82 3030 228 3101 fortasse
257 3029 441 3122 cujusdam
474 3032 642 3120 regionis
676 3032 807 3102 nedum
838 3033 979 3117 aetatis,
1009 3033 1187 3124 proprium
1219 3053 1297 3104 esse

81 3146 279 3237 putandum
298 3155 362 3217 est.
380 3148 493 3216 Etiam
513 3147 652 3231 lineola,
669 3168 773 3238 saepe
792 3155 919 3239 puncto
938 3146 1155 3240 subjacente,
1170 3149 1208 3217 in
1225 3147 1296 3219 fine

80 3282 251 3332 versuum
270 3271 440 3354 usurpata
464 3283 525 3354 pro
544 3266 578 3331 M
600 3262 657 3334 vel
674 3267 708 3334 N
725 3285 794 3333 non
814 3285 919 3356 supra
938 3264 999 3335 sed
1015 3266 1119 3357 juxta
1133 3263 1295 3334 'vocalem

81 3378 351 3469 praecedentem
382 3377 448 3448 hoc
486 3379 625 3450 saeculo
653 3379 858 3471 plerumque
889 3381 1041 3472 ponitur,
1081 3387 1117 3449 at
1150 3400 1222 3449 non
1257 3379 1295 3450 in

83 3494 219 3563 cunctis
238 3494 504 3585 manuscriptis;
521 3494 572 3564 sic
591 3494 808 3566 diversarum
827 3515 964 3586 quoque
982 3494 1165 3586 regionum
1179 3516 1294 3566 mores

79 3607 117 3677 in
137 3608 317 3679 scribendo
337 3607 520 3700 patefiunt.

124 3726 398 3804 Quaternionum
422 3726 553 3816 pagina
571 3724 695 3796 ultima
716 3726 754 3795 in
777 3732 875 3816 parte
895 3725 1021 3797 dextra
1038 3726 1100 3797 imi
1118 3727 1289 3815 marginis

79 3848 296 3911 numeratur.
317 3839 513 3931 Aliquando
533 3839 668 3912 codices
687 3840 822 3911 duabus
838 3841 1009 3912 columnis
1028 3843 1148 3934 scripti
1163 3852 1292 3934 puncta

78 3955 200 4024 circini
224 3955 268 4024 ad
295 3976 421 4025 versus
446 3956 648 4046 dirigendos
675 3955 836 4026 adhibiti¹
860 3956 897 4027 in
925 3958 1192 4029 intercolumnio
1216 3978 1290 4029 ser-

76 4075 176 4157 vant,
193 4072 253 4160 qui
270 4072 419 4142 fortasse
436 4071 574 4143 Africae
592 4071 650 4142 vel
668 4072 863 4162 Hispaniae
880 4094 967 4144 usus
983 4074 1061 4145 fuit.

108 4324 132 4372 l.
150 4320 189 4374 Cf.
206 4317 325 4370 Journal
338 4319 383 4372 des
399 4320 526 4379 Sooonts,
542 4319 610 4386 1900,
625 4336 651 4386 p.
664 4321 749 4371 45-46.

168 4756 309 4820 Gauranum,
327 4755 426 4808 Uncial.
