3082 5386
273 111 312 180 tt
698 127 849 183 escaus
869 132 1062 183 scaurum.

273 305 437 373 peccatum
459 303 652 376 originaliter
672 303 758 376 ipsas
776 308 935 362 creaturas
960 303 1142 376 praecessit
1152 304 1171 376 ΙΙ
1179 304 1390 377 Nequaquam
1414 306 1496 364 enim

272 398 378 457 adhrm
399 400 560 458 innocenti
589 415 722 473 poenam
749 402 899 459 Dominus
922 406 1139 473 praeparasset
1160 403 1189 459 si
1210 415 1274 458 nom
1293 402 1384 460 illiue
1403 401 1498 461 delic-

280 496 298 569 ΙΙ
309 501 376 554 tum
389 503 601 568 praeparatam
614 513 745 569 poenam
759 500 992 571 praecessisset.
1011 497 1072 556 Sed
1085 497 1146 556 hoc
1159 499 1254 557 edam
1273 499 1345 556 sine
1360 505 1498 572 tempore

272 594 346 652 iecit
366 596 421 668 qui
442 596 581 668 illitum
601 602 633 653 et
656 611 784 668 peccare
805 598 973 668 praescivit
994 601 1026 653 et
1051 611 1123 654 cum
1145 597 1209 669 aas
1231 602 1361 668 peccato
1384 600 1498 670 pariter

272 691 484 750 damnationis
507 693 571 766 q'as
590 708 704 765 penam
724 695 812 768 qual!
824 709 936 752 servus
955 695 1146 752 cruciaretur
1164 693 1281 753 effecit.
1307 696 1374 754 Iste
1397 701 1498 753 uatem

271 791 405 863 angelus
419 806 492 848 cum
505 806 524 848 a
536 790 705 849 conditoris
719 793 860 850 beatitu·
870 792 887 865 11
897 791 972 849 dinc
993 793 1123 849 recessit
1133 807 1246 850 omnae
1262 808 1341 850 suae
1360 799 1496 852 naturae

271 888 391 945 bonum
418 887 499 960 qaod
522 889 556 945 in
584 887 762 946 conditione
785 902 845 946 sua
865 888 1119 961 habuitlltotum
1142 890 1258 946 amisit.
1289 889 1352 948 Sed
1371 892 1400 948 si
1429 893 1503 963 ipse

271 986 376 1042 malus
399 986 462 1042 Deo
484 986 589 1043 bonus
612 1001 733 1058 semper
755 991 932 1058 perseverat
954 985 1031 1044 dum
1052 985 1307 1058 oboedi·llenter
1332 987 1493 1048 dominice

267 1083 413 1156 Jussione
426 1084 570 1155 quamvis
585 1099 647 1140 noa
661 1088 772 1155 sponte
786 1089 910 1156 propter
925 1084 1099 1156 potentiam
1113 1089 1219 1141 tamen
1233 1083 1356 1142 obtem·
1368 1090 1386 1160 ΙΙ
1395 1094 1496 1159 perat.

268 1180 314 1237 Ex
327 1181 414 1238 omni
426 1181 511 1238 enlm
525 1186 655 1238 naturae
669 1182 751 1238 bono
765 1180 846 1254 qaod
856 1181 969 1240 habuit
978 1183 1038 1239 hoc
1052 1196 1139 1239 nunc
1156 1182 1376 1241 tantummodo
1397 1184 1502 1244 habet

279 1278 297 1349 ΙΙ
314 1277 396 1350 qaod
408 1280 470 1336 Deo
484 1279 613 1336 creatori
627 1278 667 1336 ad
685 1283 799 1336 cuncta
812 1277 939 1336 oboedit
956 1280 1118 1351 imperato,
1134 1278 1191 1336 sed
1210 1280 1271 1337 hoc
1290 1281 1414 1338 bonum
1434 1298 1506 1340 nort

271 1376 305 1432 in
319 1375 428 1434 diabu-
437 1377 454 1449 11
464 1376 494 1434 lo
508 1381 541 1433 et
554 1376 707 1433 ministris
726 1376 790 1449 m‘as
803 1376 923 1433 honum
940 1381 999 1448 est,
1015 1378 1072 1448 qui
1085 1376 1201 1435 Idcirco
1216 1376 1393 1436 oboediunt
1412 1383 1503 1453 qood

271 1488 334 1529 nrm
347 1472 473 1532 obedire
493 1489 556 1531 nrm
579 1488 652 1544 pos·
663 1473 680 1545 11
690 1478 776 1532 sunt.
792 1473 853 1531 Sed
864 1474 944 1531 haec
957 1488 1066 1532 eorum
1078 1473 1257 1533 obedientia
1276 1477 1311 1533 in
1331 1478 1396 1535 Deo
1410 1479 1500 1537 bona

271 1570 425 1643 estqu'us
438 1569 540 1628 honae
552 1571 698 1628 voluma-
710 1571 758 1642 uti
778 1573 811 1627 in
823 1573 890 1628 vita
903 1570 1024 1628 diabuli
1045 1573 1129 1630 mala
1145 1573 1294 1631 voluntas
1314 1588 1391 1633 cum
1412 1576 1500 1635 bone

272 1683 398 1740 operare
420 1669 610 1740 praecipitur
627 1670 721 1726 rasis·
733 1669 748 1740 ΙΙ
759 1674 823 1727 tere
842 1684 904 1725 non
922 1675 1026 1740 potest
1044 1669 1100 1726 sed
1122 1671 1303 1744 plerumque
1319 1673 1445 1731 wcedit
1460 1683 1502 1734 ut

272 1781 345 1824 cum
352 1766 407 1822 Dei
416 1765 499 1828 bone
508 1767 671 1823 voluntate
681 1765 803 1838 aliquid
813 1766 827 1838 ΙΙ
839 1765 937 1824 iacere
948 1767 1129 1839 imperatur,
1138 1769 1239 1839 ipsius
1249 1771 1334 1827 mala
1342 1772 1496 1830 voluntas

272 1866 307 1921 in
333 1863 444 1921 eodem
468 1878 560 1935 opere
586 1869 734 1935 pascatur
746 1865 763 1936 ΙΙ
782 1863 1046 1937 quemadmodum
1072 1865 1112 1923 ad
1135 1865 1359 1938 decipiendum
1380 1869 1493 1928 Achab

273 1962 488 2033 impissimum
505 1976 612 2034 regem
629 1961 794 2019 idolatram
805 1961 819 2033 ΙΙ
831 1963 951 2020 scilicet
968 1968 1000 2020 et
1017 1963 1239 2035 prophetarum
1256 1973 1493 2037 persecutorem

273 2058 434 2116 anamino
448 2059 482 2116 in
494 2072 557 2131 quo
572 2057 729 2130 deciperet
742 2059 873 2117 interro·
883 2059 900 2131 ΙΙ
911 2065 1048 2132 paretur.

317 2263 548 2334 Rarissimum
559 2262 761 2356 exemplum
773 2263 965 2355 scripturae
978 2262 1189 2336 Hibernicac
1204 2263 1277 2352 ubi,
1288 2287 1497 2360 quanquam

273 2379 404 2450 unciali
422 2378 590 2464 adhibita,
614 2378 844 2450 inveniuntur
866 2379 1073 2471 compendia
1099 2380 1316 2453 minusculae
1335 2386 1492 2476 propria,

275 2515 307 2568 c.
330 2518 365 2588 g.
390 2507 518 2580 autem
538 2495 623 2586 ejas,
644 2494 748 2578 enim,
774 2516 848 2564 com.
875 2495 1235 2568 Animadvertendum
1258 2497 1405 2589 signum
1437 2501 1496 2571 hic

275 2618 483 2704 usurpatum
512 2630 574 2701 pro
594 2632 695 2703 prae,
716 2608 809 2701 quod
832 2611 941 2702 vulgo
963 2612 1002 2680 in
1025 2632 1066 2683 eo
1089 2611 1264 2684 scribendi
1284 2634 1416 2705 genere
1428 2639 1492 2709 per

276 2725 461 2817 significat.
493 2730 628 2797 Puncta
643 2726 785 2810 ,clrcum
816 2725 950 2797 litteras
980 2727 1135 2798 initiales
1169 2727 1327 2820 apposita
1365 2731 1489 2803 Hiber·

275 2843 393 2916 nicam
409 2843 468 2915 vel
486 2843 672 2951 scotticam
691 2843 861 2934 originem
879 2842 1041 2936 probant.

706 3247 882 3317 TABVLA
917 3248 1030 3316 XLIX

321 3495 354 3563 1ο
383 3499 600 3567 Auammur.
630 3493 865 3566 Bibliothecae
892 3494 1045 3566 civitatis
1076 3494 1188 3568 codex
1219 3495 1262 3566 li
1282 3497 1392 3588 (nnnc
1417 3498 1484 3589 lo),

275 3610 333 3681 Iol.
356 3611 394 3681 ll
419 3627 428 3679 τ
451 3610 596 3680 Cantica
616 3610 845 3698 demicortem,
865 3613 955 3697 VIII,
973 3611 993 3679 7
1011 3633 1089 3704 sqq.

346 3805 616 3880 quasinilrildes·
979 3813 1145 3880 argenteos

346 3904 465 3975 picient
478 3920 562 3964 cum.
954 3895 1103 3966 Gustatus
1122 3919 1207 3966 nrcrr
1223 3924 1230 3965 ι

322 3994 416 4063 Soror
429 4008 536 4062 nostra
549 4017 645 4076 parva
949 3995 1139 4064 Vineamea

347 4102 491 4160 etubera
503 4116 568 4160 non
979 4117 1083 4162 coram
1098 4103 1225 4176 mees[t

347 4200 453 4259 habet.
951 4202 1039 4259 mille
1055 4202 1104 4258 tui
1118 4198 1240 4273 pacifici

321 4288 409 4372 Quid
419 4298 571 4358 iaciemus
978 4303 1011 4356 et
1024 4298 1152 4356 ducenti
1167 4299 1218 4356 his

347 4397 445 4456 sorori
459 4402 574 4456 nostre
979 4395 1235 4470 quicustodiunt
