3082 5386
643 379 779 430 strutio
799 377 956 431 elocuto.

330 555 430 610 taum
444 551 636 624 metropolis.
650 553 728 612 Cum
740 566 812 626 ergo
827 552 906 611 haec
918 552 1028 625 loque·

300 676 302 683 ·
329 664 374 707 rer
385 663 523 720 mecum,
539 649 966 721 circumdedit-mansionem,
981 650 1016 706 in

328 761 389 820 qna
401 760 497 818 eram,
513 747 681 804 innumera
689 745 871 819 multitudo,
886 749 960 804 novi

326 844 410 903 enim
424 859 488 918 quo
502 845 651 916 consisto,
665 858 767 903 coram
787 850 875 903 tanta
887 849 989 917 potes·
1057 884 1061 891 -

325 947 387 1001 tate
401 948 435 1000 et
448 957 553 1002 coram
566 944 696 1002 altarem
710 942 839 1016 quidam
857 959 889 1000 e-

325 1039 451 1100 nudans
465 1040 619 1115 gladium,
634 1041 813 1100 Olosericus
826 1041 955 1099 nomine

324 1140 379 1212 qui
392 1145 471 1212 puto
485 1139 674 1198 comitianus
691 1144 749 1211 est,
764 1139 853 1196 venit
866 1143 898 1196 et
911 1139 979 1210 ipse

324 1242 355 1294 et
367 1237 474 1295 omnis
487 1235 660 1295 multitudo
674 1241 706 1294 et
718 1241 879 1309 portantes
893 1250 944 1294 me

323 1332 453 1407 proiecti
467 1339 544 1392 sunt
558 1335 592 1392 in
605 1334 781 1406 ecclesiam,
795 1338 827 1391 et
839 1334 885 1391 ita
902 1347 976 1392 cum

233 1561 446 1634 Notissimus
465 1571 520 1636 est
536 1565 568 1635 is
593 1563 704 1636 codex
729 1563 930 1657 rescriptos,
955 1563 1056 1655 cujus
1074 1561 1184 1632 altera
1206 1567 1304 1654 parte
1324 1580 1404 1632 con·

182 1673 261 1748 stat
278 1678 353 1750 cod.
375 1672 453 1752 Vat.
474 1678 536 1750 lat.
563 1679 661 1750 5750.
686 1679 771 1751 Inde
789 1678 942 1770 Angelus
963 1678 1033 1750 Mai
1058 1680 1279 1762 Frontonem,
1301 1678 1403 1770 Sym·

177 1795 367 1882 nlechum,
390 1797 565 1867 Ciceronis
584 1795 807 1880 scholiasten,
828 1804 895 1866 etc.
914 1793 1045 1888 publici
1059 1795 1150 1886 juris
1168 1793 1262 1865 iecit.

234 1909 363 1982 soluta
394 1913 612 1983 diversorum
641 1910 808 1981 librorum
835 1910 1018 2002 scriptura,
1045 1918 1188 1980 exarata
1218 1916 1299 1979 sunt
1316 1909 1405 1979 Acta

165 2027 417 2097 conciliorum
437 2027 529 2119 (vide
548 2025 808 2111 Reifferscheid,
828 2026 917 2095 Bibl.
930 2037 1025 2120 patr.
1057 2025 1144 2111 ital,
1164 2027 1208 2109 Il,
1229 2046 1264 2117 p.
1286 2024 1402 2114 2225>

161 2148 199 2203 a
228 2143 386 2235 pluribus
404 2143 584 2214 Bobiensis
609 2142 765 2214 coenobii
784 2141 920 2211 sosibio.
942 2141 1125 2234 Specimen
1143 2141 1404 2233 Zangemeistcr

159 2261 226 2327 et
241 2258 477 2331 wattenbach
498 2258 669 2351 (Eaempl.
690 2258 744 2350 tt)
764 2257 867 2328 valde
892 2256 1069 2328 diversum
1098 2279 1120 2329 a
1139 2257 1258 2328 tabula
1283 2264 1403 2328 nostra

157 2373 384 2448 ediderunt.

609 2685 783 2755 TABVLA
806 2685 983 2755 LXXXIV

232 2939 451 3008 Msntotltut.
485 2933 721 3006 Bibliothecae
749 2933 999 3004 Ambrosianae
1026 2931 1135 3003 codex
1166 2933 1200 3032 S
1227 2930 1283 3016 lt,
1305 2951 1398 3022 sup,

189 3072 273 3144 pag.
295 3052 337 3122 tt
359 3068 368 3120 ε
389 3052 639 3144 Hieronymus,
657 3049 899 3120 Commentarii
911 3049 949 3118 t'rt
965 3048 1091 3118 leuium
1109 3049 1185 3133 XII,
1202 3046 1241 3117 ll
1258 3048 1398 3138 [Migne

183 3169 313 3256 XXIV,
333 3167 399 3239 lto
418 3169 504 3257 s·n].

190 3379 219 3430 et
238 3375 403 3447 ingressus
424 3377 473 3430 est
496 3372 584 3446 prius
605 3374 699 3433 corda
717 3375 903 3450 durissima;
922 3380 1050 3451 etrecte
1061 3376 1153 3449 pauci
1166 3375 1365 3448 appellantur
1373 3375 1390 3448 ΙΙ

190 3486 228 3529 ex
235 3472 340 3543 Israel,
353 3471 429 3544 quia
437 3469 477 3529 ad
485 3473 738 3543 conparationem
753 3475 895 3532 omnium
904 3475 1008 3547 gentis
1023 3474 1171 3532 iudaicae
1180 3474 1364 3545 paucissimi
1374 3472 1392 3545 ΙΙ

189 3569 406 3641 credederunt,
437 3568 555 3641 quibus
587 3570 621 3627 in
643 3573 809 3644 euangelio
831 3571 982 3630 Dominus
1004 3573 1144 3646 loquitur
1167 3589 1175 3630 ε
1198 3571 1268 3632 Noli
1291 3571 1400 3628 timere

189 3679 261 3738 grex
272 3665 286 3739 ΙΙ
297 3668 460 3738 parvulus,
483 3668 550 3726 sive
568 3667 660 3741 juxta
679 3669 885 3728 hebraicum:
908 3670 1023 3727 mortui
1048 3685 1087 3727 ex
1116 3668 1218 3740 Israel,
1243 3669 1299 3741 qui
1324 3682 1398 3726 cum

188 3764 327 3834 apostolo
342 3761 387 3819 di·
396 3762 413 3835 11
423 3769 501 3821 cunt
516 3781 523 3824 :
540 3764 653 3823 cotidie
666 3767 838 3840 morimur3
853 3772 886 3824 et
896 3767 972 3825 alibi
988 3783 995 3825 :
1011 3780 1085 3825 cum
1097 3766 1219 3824 Christo
1228 3763 1398 3824 crucifixus

188 3874 269 3933 sum,
293 3861 367 3920 vivo
391 3867 498 3919 autem
522 3863 695 3941 nonllego,
718 3865 799 3922 vivit
825 3880 898 3924 vero
929 3866 964 3922 in
996 3879 1047 3922 me
1072 3864 1220 3925 Christus.
1250 3862 1399 3935 Quodque

187 3960 332 4031 sequitur
355 3975 362 4015 :
384 3973 443 4031 ego
458 3961 551 4030 posui
574 3967 604 4018 te
619 3962 712 4034 quasi
732 3962 1097 4035 plaustrumlltritorans·
1113 3975 1247 4029 novum,
1277 3959 1400 4018 habens

187 4062 285 4115 rostra
299 4058 469 4129 serrantia3
485 4058 544 4116 hoc
554 4058 713 4131 significat
725 4059 810 4132 quod
820 4074 904 4132 prae-
913 4061 929 4132 ΙΙ
940 4060 1053 4118 dicatio
1063 4060 1247 4132 euangelica
1260 4063 1401 4117 conterat

187 4153 380 4212 adversarias
398 4161 573 4226 potestates
591 4161 623 4214 et
640 4157 813 4228 spiritalem
823 4159 839 4229 11
850 4158 1025 4231 nequitiam
1043 4159 1221 4216 elevantem
1239 4171 1273 4214 se
1293 4162 1400 4216 contra

188 4253 352 4310 scientiam
366 4254 441 4324 Dei;
457 4253 513 4325 qui
531 4268 586 4325 pro
606 4255 756 4311 varietate
779 4254 857 4327 su-,ll
869 4255 993 4327 perhiae
1014 4260 1138 4312 montes
1156 4254 1354 4326 appellantur
1368 4259 1401 4312 et

188 4351 310 4423 colles,
338 4350 462 4422 illisque
485 4350 620 4407 sublatis
648 4356 680 4408 et
700 4350 837 4408 turbinis
847 4352 863 4423 ΙΙ
873 4366 958 4409 more
982 4351 1143 4424 dispersis,
1162 4353 1283 4409 exultet
1305 4352 1401 4410 Israel

187 4454 277 4522 atque
303 4449 432 4506 laetitur
453 4448 488 4504 in
504 4449 635 4506 Domino
658 4454 764 4507 sancto
782 4450 886 4506 Israel.
911 4451 1084 4508 Possumus
1108 4449 1278 4523 quo-ltque
1297 4449 1401 4508 dicere

188 4546 271 4620 quod
298 4547 531 4605 ecclesiasticus
558 4548 608 4604 vir
637 4546 760 4605 habens
787 4548 989 4621 euangelicac
1023 4548 1265 4621 praedicationis
1275 4548 1292 4620 ΙΙ
1301 4553 1401 4606 rostra

187 4646 338 4704 serrantia
351 4646 385 4703 in
397 4647 537 4719 plaustro
555 4659 647 4718 novo,
671 4644 756 4720 quod
780 4659 981 4720 nequaquam
1004 4651 1150 4719 operatur
1170 4646 1400 4719 ,inllvetustate
