3392 5560
583 491 710 542 OCTAVO
729 491 886 542 sendum.

575 713 742 789 (seriptum
755 713 894 790 uncialis)

392 889 524 962 adipisci
538 890 704 966 desiderat,
720 893 800 952 bibit
813 900 846 952 et
858 891 963 952 debri-

392 992 464 1046 atus
477 988 559 1054 [non]
574 997 628 1063 eet,
644 993 672 1048 si
688 992 774 1050 enim
788 991 948 1050 debriatus
963 989 1071 1049 essitt*

393 1091 532 1144 mentem
545 1089 654 1160 procul
668 1088 765 1146 dubio
778 1093 897 1147 mutes·

395 1183 453 1239 sit¹
468 1183 582 1257 ntjam
603 1191 725 1244 terrena
746 1201 810 1245 non
824 1201 955 1259 quaere-

393 1285 441 1338 ret
450 1279 516 1353 jam
530 1295 613 1340 vana
626 1289 658 1340 et
669 1282 913 1356 tiriranseturie⁸

394 1391 475 1450 quae
489 1385 648 1438 amaverat
659 1395 723 1439 non
738 1388 874 1451 amaneu

395 1471 434 1530 de
449 1475 558 1533 electis
573 1489 710 1549 namque
723 1491 777 1550 per
794 1477 943 1549 psalmis·

394 1571 868 1634 tamdieitur21nehriabuntnr
1032 1575 1084 1634 CX

393 1667 432 1726 ab
446 1669 589 1730 ubertate
602 1671 716 1730 domus
728 1677 818 1746 tuae,
833 1671 909 1745 quia

397 1771 485 1824 tanto
499 1769 725 1842 omnipotentis
738 1770 793 1828 Dei
802 1783 890 1828 amo-

396 1880 429 1922 re
440 1868 552 1938 repleti
570 1874 648 1926 sunt
660 1873 698 1927 ut
711 1867 853 1927 mutate*
866 1882 953 1926 men·

397 1968 427 2019 te
442 1964 571 2022 sibimet
583 1965 662 2037 ipsis
676 1968 816 2025 extranei
830 1979 883 2023 es·

395 2074 430 2118 se
443 2059 611 2120 videantur
626 2062 811 2136 impie[n]tis
825 2060 911 2136 quod

395 2158 549 2229 seriptum
570 2163 620 2216 est
635 2176 641 2216 :
658 2159 713 2231 qui
736 2159 806 2217 vult
827 2163 899 2230 poet

396 2268 447 2311 me
461 2255 568 2312 venire
582 2254 727 2329 abnegit⁸
742 2257 892 2328 semetip-

399 2364 482 2423 sum,
498 2353 707 2425 semetipsum
721 2352 857 2426 abnegat

298 2483 301 2490 ·
397 2451 456 2521 qui
468 2454 611 2508 mutatur
625 2449 665 2508 ed
680 2451 818 2522 meliora,
829 2455 862 2508 et
874 2450 922 2506 in·

400 2547 478 2618 eipit
491 2561 561 2605 esse
576 2546 661 2620 quod
675 2562 739 2606 non
752 2552 819 2606 erat
832 2553 864 2604 et

397 2643 516 2702 desinit
529 2661 599 2704 esse
614 2644 700 2718 quod
713 2650 794 2719 eret3
811 2651 885 2716 sepe

397 2747 498 2800 autem
510 2743 665 2816 quosdam
678 2742 825 2801 videmus
839 2742 879 2800 ed
893 2755 999 2800 votem

398 2838 620 2913 predicationis
634 2841 725 2914 qnasi
739 2855 779 2898 ex
792 2853 923 2898 eonver-

398 2937 487 2996 sione
499 2938 728 3010 cumpunctus⁸
742 2936 888 2995 habitum

396 3049 461 3092 non
475 3035 618 3092 animum
631 3039 782 3106 mutasse,
793 3034 838 3092 ita
852 3038 889 3092 ut

397 3131 601 3205 relegiosam⁷
612 3138 734 3190 vestem
748 3146 888 3189 sumere-

397 3234 435 3287 nt
445 3228 502 3287 sed
516 3233 659 3287 anteacta
672 3229 754 3286 vieie
766 3242 830 3286 non
846 3229 910 3286 eal·

398 3332 504 3385 carent
516 3328 581 3384 irae
593 3327 732 3384 stimulis
746 3327 883 3384 inmani-

399 3430 445 3481 ter
458 3425 569 3497 agitari
583 3425 724 3481 malitiae
736 3423 840 3481 dolore
849 3424 884 3481 in

398 3521 572 3594 proximiis)
585 3521 703 3578 lesione
717 3520 916 3591 ferviseere⁸3

397 3619 435 3677 de
447 3620 584 3676 ostensis
597 3616 788 3691 quibusdam
799 3617 853 3676 be·

397 3717 449 3774 nis
463 3721 535 3774 ente
549 3715 699 3773 humanis
713 3715 813 3773 oeulis
826 3730 937 3787 super·

396 3813 467 3886 hiri,
482 3813 660 3885 presentes⁰
674 3811 786 3870 mundi
800 3813 887 3870 luera

167 4015 189 4065 i.
204 4015 278 4067 Gerr.
293 4025 366 4067 erret.

167 4093 190 4145 2.
206 4095 282 4149 cerr.
296 4103 432 4148 mutasset.

166 4173 183 4223 3
205 4178 282 4230 cerr.
299 4175 466 4227 waruiiorr'a.

166 4253 190 4308 4.
205 4255 282 4308 corr.
295 4258 410 4306 mutata.

166 4332 188 4384 5.
204 4333 281 4388 Gerr.
296 4333 417 4398 obrepet.

167 4410 189 4463 6.
205 4413 281 4464 corr.
296 4417 474 4477 compunctos.

168 4491 192 4545 t.
208 4491 287 4547 Gerr.
302 4491 464 4560 religiosam.

167 4571 190 4625 8.
206 4571 283 4626 corr.
296 4573 452 4636 tenerem.

166 4651 190 4706 9.
207 4651 282 4706 Gerr.
293 4650 434 4720 presentie.

229 4846 374 4912 Cunnum,
391 4842 492 4927 Uneial.
