3082 5386
614 430 752 479 surrmo
772 429 930 478 saecuto.
1340 415 1382 481 dl

206 601 292 671 Post
308 597 478 692 opuscula
496 598 686 691 Augustini
708 599 919 691 regulasque
942 598 1154 671 monasticas
1172 599 1311 672 additus
1329 607 1384 673 est

156 713 237 805 (iol.
276 714 344 786 152
377 714 511 805 v0-153)
542 714 722 806 catalogus
751 714 954 807 pontificum
984 735 1131 807 quorum
1157 715 1302 787 ultimus
1329 723 1385 789 est

155 829 345 902 iohannes
363 832 408 900 VI
429 831 524 921 (aun.
547 830 716 923 iti-705).
737 831 852 900 Etiam
870 829 1021 922 plurima
1047 830 1128 902 libri
1147 830 1231 902 folia
1253 831 1385 904 tenuis·

162 945 258 1016 sima
277 953 372 1018 suut.
395 946 647 1027 Quateruioues
661 945 777 1017 adhuc
794 945 832 1016 in
846 945 975 1038 angulo
991 946 1116 1018 dextm
1131 947 1274 1038 signati.
1289 946 1385 1019 Veri·

165 1059 331 1133 similiter
360 1061 452 1132 circa
482 1058 589 1133 finem
613 1061 762 1154 xseptimi
799 1061 930 1133 saeculi
961 1069 1056 1133 totus
1087 1063 1216 1149 codex,
1248 1068 1387 1155 praeter

169 1175 382 1269 catalogum,
401 1185 567 1249 exaratus
586 1185 651 1249 est.

606 1497 781 1566 TABVLA
803 1497 956 1565 xxxix
1061 1545 1065 1551 -

218 1694 351 1764 Tuscis
377 1693 415 1763 iu
442 1692 641 1784 Campania.
673 1691 908 1763 Bibliothecae
934 1689 1087 1761 civitatis
1114 1690 1224 1761 codex
1253 1699 1292 1760 n⁰
1316 1690 1378 1762 tot

183 1806 331 1899 Gregorii
348 1809 433 1879 liber
443 1808 643 1902 pastoralis,
665 1817 754 1900 part.
776 1808 820 1894 3¹,
837 1830 868 1878 c.
883 1806 996 1892 itit,
1014 1804 1222 1877 uicerat-36
1239 1805 1382 1897 [Migua

181 1923 329 2011 LXXVI,
350 1928 418 2016 ool.
668 1948 671 1953 ’

341 2097 543 2171 prudentiam
554 2099 683 2170 erigunt
695 2110 750 2169 per
759 2095 903 2169 justitiae

342 2197 534 2255 sententiam
548 2199 802 2269 prosternuntur.

181 2363 184 2368 .
253 2320 393 2376 XXXVI.
407 2319 506 2376 Aliter
519 2318 721 2379 ammonendi
736 2322 813 2376 sunt
825 2318 945 2375 ineolu-

342 2431 410 2476 mes
422 2423 516 2490 atque
530 2419 621 2475 aliter
633 2418 730 2490 aegri,
742 2414 943 2473 ammonendi

341 2519 419 2574 sunt
433 2514 609 2572 incolumes
624 2518 661 2570 ut
674 2513 811 2571 salutem
825 2526 931 2583 eorpo-

343 2614 387 2671 ris
402 2617 566 2671 exerceant
579 2611 619 2669 ad
634 2612 770 2669 salutem
782 2611 908 2681 mentis,
925 2625 965 2667 ne

341 2712 369 2767 si
384 2715 529 2781 acceptae
543 2711 772 2782 incolumitatis
787 2710 919 2782 gratiam

342 2808 382 2866 ad
395 2823 492 2866 usum
506 2809 666 2880 nequitiae
680 2807 835 2864 inclinant
849 2805 950 2864 douo¹

342 2905 511 2963 deteriores
524 2905 621 2976 fiant3
637 2911 669 2961 et
683 2919 719 2961 eo
734 2904 935 2976 postmodum

342 3006 499 3077 supplicia
512 3005 655 3078 graviora
669 3008 858 3074 mereantur,
874 3017 934 3074 quo

343 3118 430 3160 nunc
442 3102 630 3177 largioribus
644 3102 736 3159 bonis
749 3102 803 3158 Dei
818 3103 900 3158 male
912 3103 960 3158 uti

343 3216 407 3258 uon
421 3206 580 3259 metuunt.
595 3199 806 3258 Ammoneudi
821 3205 897 3257 suut
911 3201 958 3256 in-

344 3301 484 3358 columes
498 3314 539 3356 ne
551 3301 797 3370 oportunitatem
812 3300 925 3356 salutis

345 3398 582 3470 inperpetuum
596 3397 817 3470 promerendae
832 3395 937 3467 despi-

345 3497 445 3568 ciant;
461 3496 614 3566 scriptum
628 3510 765 3568 namque
783 3501 833 3553 est
848 3513 855 3552 :
872 3510 944 3552 ecoe
963 3510 1050 3552 nunc

346 3598 472 3664 tempus
486 3593 689 3664 acceptabile,
703 3607 774 3650 ecce
788 3607 875 3649 nuuc
887 3591 955 3648 dies
1102 3606 1138 3650 ro
1169 3605 1315 3650 coniurar-

346 3690 693 3758 salutis3ammonendi
710 3696 839 3747 suntne
853 3691 954 3762 place·
1174 3702 1207 3748 os
1226 3703 1247 3746 11
1294 3738 1296 3743 .

345 3802 377 3844 re
391 3789 463 3860 Deo,
480 3789 508 3846 si
522 3802 595 3845 oum
609 3795 745 3859 possunt
758 3788 928 3860 noluerint,
943 3804 1015 3846 oum

345 3886 503 3943 voluerint
517 3900 585 3943 sero
600 3887 811 3957 nonpossint.
826 3887 908 3944 Hinc
923 3892 972 3943 est

346 3984 431 4041 euim
445 3983 531 4057 quod
544 3990 616 4056 post
629 3985 785 4056 sapientia
798 3984 914 4042 deserit
928 3999 1005 4058 quos

346 4083 434 4154 prius
447 4081 570 4140 diutius
583 4087 777 4140 rennuentes
789 4085 913 4141 vocavit
926 4083 970 4141 di-

346 4196 421 4238 cens
436 4198 442 4239 :
457 4183 573 4239 Vooavi
592 4185 624 4237 et
636 4181 821 4253 rennuistis,
837 4182 963 4240 extendi
1126 4199 1155 4242 ur
1174 4197 1296 4242 ruover-

347 4294 478 4337 manum
491 4296 593 4339 meam
604 4285 637 4337 et
648 4295 713 4338 non
726 4280 788 4338 luit
801 4282 856 4353 qui
870 4281 985 4352 aspice·
1192 4295 1230 4340 eu

347 4382 413 4448 ret;
428 4376 616 4449 despexistis
632 4393 724 4435 omne
738 4379 907 4434 consilium
926 4394 989 4435 me·
1205 4391 1220 4436 s

347 4489 404 4532 um
418 4479 450 4531 et
464 4476 693 4547 increpationes
707 4490 793 4532 meas
808 4478 964 4548 neglexis-

911 4574 962 4630 tis.

215 4695 237 4749 1.
254 4695 332 4747 Gorr.
346 4692 437 4747 donec.
