3082 5386
212 346 251 409 to
530 370 536 379 ·
643 364 794 413 uncinus
814 364 1001 413 scutrrunr.

248 541 438 594 nasceretur.
883 542 984 607 ratus,
997 542 1030 593 ct
1043 548 1117 593 cum
1132 534 1253 607 ptuvtt

219 624 263 693 Et
275 635 352 707 quia
362 633 505 691 nondum
520 648 574 689 nu-
883 634 1032 691 ltoruinus
1044 648 1064 691 a
1075 633 1216 691 Domino
1231 631 1280 691 ad
1295 634 1400 707 signi·

250 732 300 789 bis
313 734 501 790 contarionis
883 734 1060 789 ticattoneur
1075 733 1179 803 patris

247 830 450 901 euangelicae
465 846 501 887 ac
514 844 582 900 pro-
883 836 916 885 ct
930 831 986 885 iiiii
1000 831 1051 887 lex
1066 830 1236 902 loquatur,

250 926 360 984 isticce
374 928 463 985 locus
476 914 534 998 est,
884 928 1229 1001 nequcrursumexis·

249 1025 433 1082 institutum
449 1026 527 1081 inte·
885 1024 1061 1083 tirunuduur
1077 1031 1127 1082 est

250 1122 309 1177 rim
324 1136 362 1177 ex
378 1122 447 1193 lege
461 1120 601 1178 ordinem
884 1122 968 1194 quud
984 1122 1162 1195 patriarcha

250 1230 496 1291 persequamur3
510 1234 577 1289 pro-
884 1222 1032 1278 uescierit
1045 1221 1123 1293 quin
1138 1220 1247 1277 Deum

250 1314 355 1373 buturi
369 1318 454 1373 enim
470 1322 580 1387 postea
884 1334 994 1375 reruru
1010 1318 1153 1375 adoraret

248 1428 288 1471 ex
302 1414 479 1485 euangeliis
492 1428 544 1469 ve·
570 1411 575 1421 '
884 1432 979 1488 quem
994 1418 1090 1473 iteum
1105 1417 1237 1475 intelle·

249 1526 320 1569 rum
335 1512 389 1568 Dei
405 1512 506 1570 fliium
522 1528 575 1569 na·
886 1529 965 1587 gens
978 1515 1137 1572 adorabat.

248 1696 340 1771 iufra
354 1696 526 1753 columnam
539 1698 680 1755 ‹reaermm
694 1717 703 1752 :
718 1714 781 1756 nou
796 1700 969 1772 ambigitur
986 1703 1063 1773 quin
1083 1699 1167 1774 quod
1183 1702 1279 1773 pluit
1298 1700 1452 1761 Dominus

213 1808 231 1851 a
245 1794 378 1852 Domino
393 1794 484 1867 istoc]
500 1796 655 1869 sitierunt
673 1796 754 1863 (tuor
769 1800 938 1871 reponemus
953 1805 1023 1853 srrrrt
1044 1815 1138 1871 scptu
1156 1796 1211 1853 ubi
1229 1800 1397 1875 scriptum
1413 1804 1451 1857 cst

214 1891 411 1950 interversor
426 1910 436 1947 t
452 1894 533 1967 [Hic]
548 1893 682 1966 Dinnsrl.

257 2142 419 2213 codicem
452 2142 636 2235 descripsit
668 2146 709 2213 A.
745 2142 1004 2227 Reifferscheid,
1035 2142 1118 2211 uiti.
1152 2144 1251 2216 Patr.
1287 2148 1394 2234 leat,
1422 2150 1448 2231 1,

213 2279 249 2350 p.
272 2256 326 2328 st.
347 2257 446 2329 Adde
465 2260 712 2348 quaterniones
731 2260 767 2328 in
782 2259 904 2329 dextra
923 2259 984 2328 imi
1008 2259 1176 2349 marginis
1195 2269 1307 2351 parte
1329 2264 1449 2355 signa·

213 2382 286 2461 tos,
316 2373 427 2445 verba
453 2374 671 2465 loquentium
702 2382 853 2445 retracta
888 2376 1058 2445 introrsus
1090 2373 1256 2445 columna
1288 2376 1449 2473 scripta,

217 2488 459 2561 membranam
478 2498 620 2561 tenuem
639 2510 728 2561 esse.

708 2910 882 2978 TABVLA
901 2914 934 2979 X

256 3175 427 3243 Pstusus.
459 3171 694 3243 Bibliothecae
727 3173 859 3264 patriae
882 3173 957 3243 cod.
977 3173 1038 3243 lat.
1060 3171 1160 3256 2630,
1180 3172 1243 3242 foi.
1271 3174 1346 3249 186
1373 3186 1414 3251 v⁶
1440 3197 1448 3247 :

209 3288 366 3359 Hilarius
392 3287 635 3372 Ficariensis,
657 3287 697 3356 de
725 3288 902 3375 Trinitate,
922 3291 1012 3374 VIII,
1032 3288 1189 3375 56·ΙΧ,1
1216 3287 1374 3381 migne,
1401 3298 1449 3371 X,

210 3403 383 3494 278-2801.

741 3567 816 3624 LIB.
831 3568 902 3623 VIII

247 3747 367 3806 ditione
381 3747 494 3805 mundi
508 3763 563 3819 per
576 3762 613 3805 ea
852 3742 1035 3808 Tractantes
1048 3750 1208 3822 superiore

246 3861 328 3918 quae
343 3845 425 3903 iacta
440 3852 516 3903 sunt
532 3846 622 3902 intel·
882 3848 960 3905 libro
979 3848 1018 3905 de
1033 3846 1307 3913 in<dei>ierenti
1324 3867 1389 3913 na.

245 3945 327 4001 lecta
340 3944 540 4015 aspiciuntur
551 3957 592 4000 ae-
883 3950 954 4002 tura
967 3947 1021 4001 Dei
1036 3946 1133 4017 patris
1147 3950 1179 4002 et
1192 3945 1246 4001 Dei
1261 3944 1323 4020 fili,

245 4046 335 4097 terna
349 4055 472 4113 quoque
490 4040 560 4114 ejus
579 4041 639 4097 vir·
880 4049 913 4098 et
926 4041 958 4098 id
973 4042 1058 4116 quod
1072 4042 1192 4100 dictum
1211 4047 1260 4099 est
1278 4060 1285 4100 :

245 4144 298 4195 tus
311 4144 343 4196 et
356 4137 517 4197 divinitas.
881 4154 940 4213 ego
955 4145 987 4196 et
1001 4146 1088 4211 pater
1102 4154 1204 4198 unum
1218 4153 1273 4196 su-

209 4227 318 4310 Hujus
333 4236 440 4308 itaque
456 4235 632 4294 divinitatis
880 4252 964 4310 mus,
977 4238 1192 4296 demonstran·

243 4334 410 4404 corporalis
422 4334 457 4389 in
469 4333 585 4391 Christo
600 4339 658 4405 est,
881 4341 928 4392 tes
942 4351 1006 4393 non
1019 4335 1058 4393 ad
1072 4335 1248 4393 solitarium

244 4444 309 4487 non
321 4445 360 4486 ex
374 4436 460 4500 parte
475 4429 532 4488 sed
546 4434 619 4502 tota,
879 4434 976 4489 Deum
988 4432 1134 4504 proficere
1148 4430 1205 4490 sed
1217 4429 1257 4488 ad

244 4542 344 4599 neque
358 4526 588 4598 portioestsed
602 4529 669 4599 ple·
881 4532 1037 4587 unitatem
1050 4530 1200 4587 indiscre-

244 4624 367 4697 nitndo‚
383 4626 427 4682 ita
440 4626 603 4697 corporali·
883 4634 931 4684 tas
947 4628 1124 4686 secundum
1139 4642 1231 4701 gene-
