3082 5386
286 409 344 475 lii
669 423 897 474 smmuounre
922 422 1111 475 murrona.

284 597 449 671 littialerae
458 595 515 655 sed
528 598 561 654 iu
574 596 712 655 novitate
721 596 852 669 spiritus
861 600 1001 655 oonterai
1009 596 1508 672 ineredolommooaudaduris-

284 697 375 768 sima,
391 708 540 769 separans
555 695 694 752 tritioum
706 709 725 752 a
736 695 835 767 paleis
847 700 879 752 ei
899 699 1024 754 montes
1053 696 1209 769 eollesque
1228 697 1389 772 commi-ll
1399 713 1506 757 nuens

282 791 316 851 id
330 799 380 851 est
392 806 503 851 omnes
515 792 726 850 hereticorum
746 793 915 864 principes,
930 793 985 866 qui
1004 794 1192 852 comminuti
1214 799 1307 868 atque
1323 797 1506 870 oontri-ilti

281 888 461 949 redieantur
473 891 507 948 in
522 889 683 963 pulverem
697 889 836 948 etnibili
850 888 1102 949 essedooeantur
1115 892 1220 965 utqui
1235 892 1321 950 male
1338 893 1356 966 il
1375 893 1505 953 luerent

280 989 462 1063 eengreqati
476 986 660 1047 dividantur
672 989 706 1046 in
718 988 838 1047 bouum
849 1002 956 1047 suum.
972 989 1062 1063 Egini
1077 994 1110 1047 et
1123 1004 1277 1062 pauperes
1287 1004 1386 1064 quao-
1397 991 1413 1064 il
1423 997 1503 1051 runt

282 1100 381 1160 aquas
395 1092 427 1144 ei
440 1101 505 1144 non
519 1091 616 1159 euni3
632 1087 744 1159 lingua
756 1100 865 1145 eorum
879 1087 933 1144 siti
947 1089 1039 1145 aruit.
1052 1088 1118 1162 ligo
1130 1087 1283 1146 Dominus
1293 1088 1466 1148 exaudiam
1476 1091 1495 1164 ΙΙ

280 1184 627 1256 eos‚Deuo1sroolnon
649 1182 866 1258 derelinquam
880 1185 971 1257 iilos;
995 1187 1132 1256 aperiam
1156 1186 1190 1244 in
1216 1188 1343 1258 supinis
1366 1188 1503 1247 oollibm

279 1279 413 1339 ilumiua
423 1280 437 1354 11
448 1286 481 1339 et
495 1281 528 1339 in
543 1280 647 1340 medio
667 1295 848 1353 camporum
867 1280 978 1340 iontes.
1000 1283 1117 1340 Ponam
1140 1279 1301 1342 desertum
1325 1285 1360 1342 in
1385 1290 1504 1358 stagna

278 1377 500 1450 aquarumnet
518 1383 632 1436 terram
656 1379 775 1436 inviam
798 1380 832 1437 in
857 1379 941 1437 rivos
962 1392 1126 1453 aquarum.
1155 1379 1243 1438 Dabo
1266 1382 1300 1438 iu
1325 1382 1501 1440 solitudine

278 1473 406 1534 oedrum
421 1475 479 1548 elil
503 1477 627 1548 spinam
641 1480 674 1532 et
688 1482 830 1547 myrtum
849 1481 881 1533 et
903 1477 1028 1549 lignum
1050 1478 1163 1536 olivae.
1191 1479 1310 1536 Ponam
1324 1479 1359 1536 in
1375 1477 1500 1538 deserto

279 1571 427 1644 abietem,
438 1573 475 1645 ΙΙ(
490 1576 501 1645 )
514 1575 638 1631 ulmum
653 1578 685 1630 et
695 1573 838 1647 buxum;
853 1579 885 1632 et
895 1574 1024 1633 videant
1038 1581 1070 1633 et
1090 1576 1194 1634 soient
1213 1580 1246 1633 et
1268 1577 1445 1650 recogitent
1465 1584 1497 1636 et

277 1670 460 1744 intelligant
468 1671 485 1743 11
495 1672 610 1744 pariter
631 1671 707 1744 qma
729 1685 844 1730 manus
866 1673 989 1731 Domini
1009 1672 1083 1732 feeit
1104 1674 1174 1745 boo,
1199 1678 1232 1732 et
1250 1680 1378 1733 maome
1402 1677 1498 1734 isreel

277 1767 395 1827 creavit
408 1767 498 1826 illud.
510 1769 527 1841 ΙΙ
536 1769 627 1827 Lxx.
640 1769 679 1826 Et
691 1769 881 1828 exultabunt
890 1784 1043 1842 pauperes
1050 1776 1083 1829 ot
1095 1771 1205 1844 inopes
1217 1783 1225 1845 ;
1240 1773 1496 1845 quaeruntenim

276 1880 392 1940 aquam
406 1871 438 1924 et
456 1867 635 1940 nonnerit3
661 1866 773 1940 lingua
796 1881 904 1925 eorum
925 1882 998 1940 prae
1022 1869 1075 1927 siti
1098 1870 1229 1928 exaruit.
1254 1869 1321 1943 ligo
1343 1869 1494 1928 Dominus

276 1963 359 2021 Deus
373 1960 539 2021 exaudiam
553 1963 635 2021 Deus
648 1965 743 2022 lsrool
752 1963 769 2035 ΙΙ
789 1971 898 2022 elnon
919 1964 1135 2040 derelinquam
1153 1981 1218 2039 eos,
1233 1964 1290 2024 sed
1305 1968 1448 2039 aperiam
1461 1968 1494 2025 in

276 2060 440 2120 montibus
453 2061 586 2120 flumina
599 2067 632 2120 et
646 2062 679 2119 in
692 2061 797 2120 medio
811 2075 891 2121 eam
900 2061 914 2135 ΙΙ
926 2077 1037 2135 porum

321 2291 413 2364 Olim
433 2317 450 2358 e
467 2291 556 2362 liber
570 2293 683 2364 saneti
701 2293 904 2363 Columbani
924 2293 966 2364 87
986 2293 1030 2364 de
1047 2292 1153 2364 Bobio
1167 2320 1198 2377 »,
1222 2293 1415 2387 inscriptus
1434 2302 1498 2366 est

278 2406 316 2476 in
334 2408 446 2477 ironie
459 2424 497 2477 τι
519 2407 607 2478 liber
626 2408 669 2480 de
687 2428 768 2480 area
786 2408 912 2480 domno
931 2410 1069 2480 Aialani
1089 2437 1106 2474 »
1126 2408 1184 2480 vel
1205 2436 1220 2471 ι
1240 2411 1393 2501 Atagani
1415 2438 1446 2482 ».

322 2523 407 2594 Inde
429 2522 589 2614 Diphilus
608 2523 716 2615 pariis
747 2525 898 2597 ineditae
927 2526 1106 2617 specimen
1129 2526 1220 2597 eruit
1241 2526 1400 2618 Angelus
1421 2529 1492 2598 Mai

278 2637 492 2730 (Mediolani,
514 2639 631 2729 1819).
1105 2635 1110 2641 ’

320 2754 410 2835 Quid
428 2755 603 2825 contineat
621 2754 731 2826 codex
754 2756 973 2828 enumerarit
990 2758 1081 2848 Aug.
1103 2755 1364 2844 Reifferscheid,
1389 2758 1484 2827 sill.

270 2882 367 2961 potr.
391 2868 525 2955 Italico,
547 2871 589 2955 II,
610 2892 645 2962 p.
666 2869 782 2944 lili.

701 3227 876 3297 TABVLA
909 3229 1069 3298 LXXXV

314 3486 482 3579 Eiusdem
500 3485 629 3558 eodieie
647 3505 729 3577 pag.
761 3483 853 3554 lii:
885 3483 1133 3575 Hieronymus,
1181 3483 1426 3554 commentarii
1450 3482 1489 3552 m

269 3596 410 3690 leuium,
429 3601 490 3673 lib.
511 3604 587 3686 XV,
608 3622 684 3693 eap.
707 3600 748 3670 55
770 3599 910 3690 [iligna
930 3601 1056 3683 XXIV,
1076 3598 1137 3669 iil
1155 3599 1223 3690 sq]

269 3812 301 3865 et
329 3806 394 3866 fllio
421 3807 516 3882 longo
540 3821 597 3881 pos
626 3812 763 3878 tempere
790 3805 957 3863 revenienti
981 3805 1085 3862 laetus
1107 3804 1250 3862 oeourrit.
1273 3802 1487 3871 Quamobrem

269 3911 396 3965 sanetus
418 3907 452 3964 in
472 3908 594 3978 psalmo
612 3906 696 3964 oauit
716 3922 723 3964 :
746 3904 826 3964 mibi
835 3903 853 3976 li
862 3909 969 3961 autem
982 3904 1110 3962 haerere
1132 3904 1195 3961 Deo
1221 3902 1342 3960 bonum
1363 3907 1424 3960 est.
1446 3902 1487 3960 iit

267 4004 369 4063 bioses
395 4005 484 4063 solus
510 4003 781 4077 adpropinquabat
807 4001 847 4060 ad
872 4001 1051 4061 Dominum.
1078 4003 1117 4059 iit
1147 4015 1203 4073 per
1229 4001 1419 4058 Hieremiam
1440 4000 1486 4060 lo-

268 4103 362 4176 qui-li
373 4108 424 4160 tur
435 4104 535 4161 Deus:
560 4116 618 4176 ego
631 4101 713 4159 Deus
726 4099 981 4173 adpropinquans
1001 4104 1034 4156 et
1049 4113 1113 4156 non
1131 4096 1170 4155 de
1191 4099 1295 4171 longe.
1312 4096 1489 4170 Adpropin-

266 4213 370 4272 quans
384 4200 431 4257 eis
460 4200 516 4272 qui
539 4199 620 4257 mihi
642 4197 894 4270 adpropinquant
911 4194 973 4254 fide
996 4202 1028 4254 et
1051 4195 1193 4268 lon-nge
1212 4195 1361 4253 reoedens
1375 4193 1415 4253 ab
1435 4195 1488 4253 bie

268 4297 324 4369 qui
348 4310 367 4354 a
393 4311 444 4355 me
465 4298 585 4369 proeul,
615 4294 800 4352 infidelitate
823 4292 1006 4366 disoedunt;
1040 4293 1196 4367 propteria
1222 4292 1338 4351 dieitur
1359 4291 1401 4351 ad
1424 4306 1488 4351 ere-

267 4393 379 4453 dentes
393 4394 602 4468 adpropinqu-
612 4393 626 4467 ΙΙ
637 4399 687 4451 ate
701 4394 761 4451 Deo
784 4397 816 4450 et
829 4391 1094 4465 adpropinquabit
1106 4390 1211 4463 vobis3
1220 4405 1257 4448 ao
1273 4405 1315 4448 ne
1325 4389 1488 4462 boeputa·

265 4506 372 4550 remus
394 4506 486 4564 posse
508 4491 661 4564 sulficere,
688 4491 797 4548 statim
817 4490 926 4562 jnngit
949 4505 957 4546 ι
979 4489 1116 4546 resistite
1139 4487 1268 4546 diabulo
1277 4488 1295 4561 ii
1304 4493 1336 4546 et
1354 4486 1487 4561 lugieta

265 4588 366 4647 vobis.
381 4588 426 4646 De
440 4603 504 4661 quo
517 4602 613 4660 supra
634 4587 779 4645 dixerat:
804 4585 1001 4644 adversarius
1019 4590 1125 4643 vester
1145 4583 1295 4643 diabulus
1315 4586 1400 4643 siout
1417 4585 1486 4642 laeo

266 4686 455 4745 circumiens
478 4690 608 4759 quaeret
617 4685 633 4757 li
643 4698 738 4758 quom
751 4683 889 4756 devoret,
904 4681 1072 4742 advorsum
1090 4697 1185 4757 quem
1206 4682 1342 4741 resistite
1364 4680 1486 4742 oonior-
