3392 5560
607 520 710 570 snxro
730 519 887 570 sanusne.
1296 502 1354 570 ΩΒ

150 683 275 773 signati
303 693 411 773 sunt;
439 685 550 757 rerba
583 685 801 778 loquentium
828 685 940 778 signis
965 685 1003 758 in
1044 687 1203 778 margine
1230 686 1354 780 positis

150 809 277 887 ornata,
308 801 491 894 aliquando
522 802 628 873 etiam
660 810 810 874 retracta
836 803 1007 875 introrsus
1038 804 1211 892 columna,
1245 805 1354 877 utin

151 915 397 1007 antiquissimis
415 916 611 988 uncialibus
629 916 741 1008 libris,
761 919 968 990 referuntur.

188 1031 276 1104 Ante
294 1033 472 1104 conditum
489 1033 695 1106 Gorbeiensc
713 1036 962 1106 monasterium
976 1055 1060 1108 sane
1073 1035 1184 1108 codex
1198 1036 1349 1128 scriptus

155 1152 211 1215 est.

573 1452 750 1524 TABVLA
784 1453 923 1522 LXVIII

198 1705 405 1780 ltnnronnur.
433 1706 669 1780 Bibliothecae
700 1707 948 1780 Ambrosianus
973 1707 1082 1780 codex
1108 1710 1137 1780 0
1165 1708 1229 1780 210
1256 1729 1351 1802 sup„

167 1811 213 1901 iol,
231 1820 266 1892 il
285 1833 330 1894 v⁰.
351 1824 523 1910 Gelasius,
543 1815 785 1916 Epistulc'VII
803 1809 943 1916 siligne,
958 1826 1048 1910 LIX,
1065 1823 1108 1895 lo
1127 1823 1175 1916 el.

318 2037 485 2094 memoriae
499 2036 727 2110 Hieronymum
741 2037 840 2112 adque
851 2038 1070 2111 angustinum
1084 2039 1166 2098 ecle-

319 2135 516 2192 siastIcorum
530 2137 653 2194 lumina
665 2137 898 2210 magistrorum,
912 2149 1025 2195 musca
1036 2137 1132 2198 mori-

319 2237 395 2305 tura,
412 2233 496 2291 sicut
510 2233 662 2292 scribtum
676 2238 734 2306 est,
750 2235 962 2292 exterminans
976 2236 1082 2293 oleum

319 2331 470 2404 sanitatis,
486 2333 619 2389 lacerare
633 2330 843 2390 contenderet.
860 2330 921 2390 Sed
934 2331 1019 2405 quod

318 2429 466 2487 miremur
479 2429 665 2487 eclesiarum
679 2430 839 2501 praesules
853 2430 915 2488 ista
928 2431 1074 2503 neglege-

318 2539 359 2598 re,
375 2525 461 2598 quod
474 2527 557 2584 sicut
571 2540 590 2583 a
602 2527 714 2584 multis
728 2525 910 2584 audivimus
922 2533 1030 2586 eontra
1043 2541 1134 2586 eano-

317 2637 372 2680 nes
386 2623 494 2681 omnia
506 2638 612 2696 gerere
623 2626 656 2680 et
669 2629 777 2682 contra
790 2624 993 2696 apostolicam
1006 2623 1071 2682 dis-

318 2720 466 2792 ciplinam
480 2721 600 2792 passim
613 2725 727 2778 cuncta
740 2721 870 2778 miscere
883 2720 1088 2780 manifestum

318 2823 379 2889 est;
395 2830 459 2874 non
474 2817 647 2876 observatis
662 2817 780 2890 regillis
794 2815 936 2876 ordinare
950 2818 1094 2892 liciteque

318 2929 380 2973 non
395 2915 499 2974 solum
512 2913 684 2973 monachos
697 2914 754 2972 sed
768 2915 864 2973 etiarn
876 2916 1039 2976 ministros
1053 2917 1132 2976 ecle-

317 3012 381 3070 siae
395 3026 470 3070 cum
484 3011 611 3070 feminis
625 3009 665 3069 ad
679 3013 874 3085 peregrinam
888 3013 1069 3086 ignorantes

318 3123 453 3167 remeare
467 3122 577 3166 narsus
591 3114 623 3166 et
635 3107 675 3166 ah
689 3109 760 3166 utils
774 3109 928 3181 episcopis
941 3111 976 3169 in
988 3111 1135 3168 militiam

314 3207 447 3278 prorirei
460 3206 654 3266 clericalem?
667 3219 748 3278 quae
763 3220 836 3265 cum
850 3207 977 3280 singula
990 3208 1124 3268 toleran-

246 3317 248 3322 ·
317 3303 357 3363 da
370 3319 434 3362 non
448 3305 523 3377 sint,
539 3304 595 3378 qui
605 3304 766 3370 sustineat
779 3309 826 3362 tot
838 3308 871 3362 et
885 3305 959 3363 talia
972 3305 1109 3366 facinora

315 3404 493 3476 perpetrari,
508 3401 627 3475 quibus
641 3402 858 3474 spectaculum
872 3403 1021 3476 gentihus
1037 3409 1069 3462 et

316 3500 461 3560 hereticis
473 3514 537 3557 non
550 3499 696 3558 inmerito
709 3499 894 3572 praebentes
908 3501 1013 3573 ipsum
1028 3501 1123 3575 (quod

316 3597 408 3670 absit)
423 3599 549 3656 tendere
563 3596 730 3655 videantur
744 3597 904 3670 religionis
918 3598 1094 3658 excidium?

315 3695 468 3769 digneque
483 3696 544 3752 ista
557 3693 745 3753 facientibus
759 3698 887 3765 aptatur
899 3696 953 3758 illa
966 3699 1124 3756 sententia

316 3793 450 3852 dicentis
464 3793 596 3865 apostoli
612 3809 619 3849 ι
634 3795 754 3852 Nomen
768 3793 854 3850 euim
867 3793 922 3850 Dei
936 3808 991 3865 per
1001 3809 1058 3853 vos
1071 3795 1155 3854 hlas-

316 3891 450 3949 fematur
463 3891 497 3947 ln
511 3889 670 3964 gentibus.
687 3888 828 3948 Sufficiat
840 3891 939 3963 igitur
951 3892 1024 3950 hac-

315 3995 408 4047 tenus
421 3988 499 4047 haec
512 3987 611 4046 fuisse
625 3988 790 4048 conmissa
797 3992 829 4045 et
839 3993 877 4045 ut
889 3991 1031 4060 placetur
1042 3991 1133 4063 Deus,

313 4087 463 4145 humanis
476 4085 571 4144 rebus
584 4085 752 4144 sollicitius
766 4084 874 4144 divina
888 4093 1045 4146 curentur.

311 4185 474 4257 Nusquam
488 4184 594 4242 locum
608 4197 735 4256 prorsus
749 4183 848 4257 hujus
862 4183 1004 4242 inveniat
1017 4199 1102 4257 prae-

313 4281 393 4340 fatae
405 4280 504 4354 pestis
518 4279 665 4352 adsertor,
681 4295 740 4338 neo
753 4276 916 4339 ac'cessum
929 4296 1059 4353 prorsus

312 4379 444 4438 eclesiae
458 4380 509 4436 vel
522 4392 659 4450 usquam
673 4379 942 4450 participationem
956 4381 1060 4439 oethe-

310 4477 388 4535 licae
402 4475 634 4534 communionis
648 4475 790 4534 inveniat
804 4477 859 4548 qui
873 4471 1083 4536 hereticorum

769 4599 952 4676 Qluatercio]
965 4603 989 4662 1.
