3432 5556
599 509 726 560 oorrvo
747 509 905 560 senocto.
1312 495 1349 559 to

139 680 238 752 tortio
263 688 368 772 atquc
393 683 516 752 XLIII.
540 685 627 752 ΧΨ.
648 685 763 753 XXIII
788 679 1046 772 decimoquinto
1073 680 1212 753 saeculo
1240 701 1345 776 eppo·

139 797 226 868 sitis.

179 915 329 983 'sextum
345 913 421 1005 eJus
433 913 534 1004 quasi
547 913 685 983 Missale
698 917 911 982 Francorum
924 911 1108 985 ediderunt
1126 911 1347 1001 Thomasius‚

137 1027 212 1097 Joh.
233 1027 467 1112 llabillonius‚
486 1029 694 1100 Muratorius
713 1030 785 1121 (qui
799 1030 965 1122 paginam
977 1049 1086 1100 unam
1101 1049 1180 1101 aere
1199 1028 1348 1102 incisam

139 1142 261 1234 offert),
282 1164 362 1236 opp.
384 1144 443 1214 cit.
463 1143 550 1214 Vide
567 1144 675 1214 etiam
693 1147 732 1214 L.
753 1143 949 1231 Duchesne‚
970 1165 1026 1236 op.
1048 1145 1106 1216 cit.
1128 1165 1163 1238 p.
1185 1144 1249 1216 tlt
1271 1165 1323 1236 sq.
1335 1171 1346 1232 ;

138 1259 199 1328 Ad.
217 1258 348 1346 Ebner,
368 1280 424 1352 op.
447 1259 508 1330 cit.
527 1280 563 1352 p.
585 1259 662 1330 238.

591 1661 767 1730 TABVLA
785 1661 895 1729 XLIV

177 1895 423 1964 Vntnrtmurs
449 1891 488 1961 in
513 1889 688 1961 Flandria.
717 1890 952 1962 Bibliothecae
979 1889 1142 1960 civitatis.
1160 1888 1237 1961 cod.
1267 1891 1347 1979 let,

139 2007 192 2078 Iol.
213 2009 232 2078 8
250 2021 290 2080 v⁰
306 2026 314 2078 ε
329 2011 578 2100 Hieronymus,
593 2007 751 2078 otrooic.
771 2007 909 2093 Eusebi,
924 2006 1089 2099 praelatio
1109 2007 1147 2098 [t.
1168 2009 1212 2092 11,
1232 2029 1266 2099 p.
1290 2007 1349 2077 7·8

140 2123 217 2195 edit.
238 2124 422 2214 Schoene].

239 2305 414 2377 sapientem
427 2309 465 2362 ut
475 2305 592 2376 priores
766 2301 1132 2375 quossimiliteraXLV

238 2403 294 2460 sed
308 2401 533 2474 philosophum
545 2401 578 2458 td
765 2417 848 2460 anno
866 2403 1006 2473 cecropis
1024 2415 1123 2473 usquc

237 2507 286 2560 est
299 2506 469 2560 amatorem
484 2502 568 2573 sapi·
765 2499 806 2557 ad
818 2501 937 2560 Ninum
950 2506 983 2558 et
997 2499 1131 2558 Semira-

236 2600 340 2658 entiae
353 2599 416 2658 dici
428 2600 549 2672 voluit;
765 2597 833 2655 miu
854 2597 1058 2670 Assyriorum
1082 2596 1169 2668 prin-

238 2711 332 2769 quem
355 2702 485 2755 secutus
505 2698 612 2755 Socra·
765 2695 850 2767 cipes
864 2695 1063 2767 supputabis.

237 2794 278 2852 tis
290 2795 453 2853 Platonem
466 2793 569 2853 erudi·
765 2793 888 2851 Primus
902 2795 1019 2866 quippe
1031 2794 1135 2851 omnis

236 2893 292 2966 vit,
308 2908 327 2951 a
340 2907 403 2965 quo
417 2891 537 2950 famosa
763 2891 857 2950 Asiae
871 2892 1009 2964 exceptis
1023 2889 1111 2948 Indis

134 2989 137 2998 '
237 2991 270 3048 in
291 2995 395 3062 partes
416 2990 553 3061 philoso-
763 2991 866 3050 Ninus
877 2991 945 3048 Beli
960 2988 1046 3048 filius
1060 3003 1127 3062 reg·

235 3089 311 3161 phia
322 3087 424 3146 divisa
435 3093 492 3146 est.
508 3089 566 3146 Ho
764 3095 863 3152 navit.
882 3095 992 3166 Itaque
1006 3092 1105 3151 mani·

235 3187 550 3261 rumetugulosjux-
669 3237 671 3240 .
763 3189 881 3248 festum
894 3195 943 3248 est
956 3189 1113 3247 Abraham

236 3292 268 3344 ta
284 3285 425 3344 ordinem
447 3301 580 3359 sequen·
763 3285 837 3344 Nini
855 3289 956 3342 aetate
971 3296 1100 3356 genera-

236 3385 277 3442 tis
297 3385 446 3442 historiae
472 3385 540 3442 suis
562 3384 639 3442 locis
763 3387 843 3455 tum,
855 3383 948 3456 Juxta
961 3396 1035 3440 eum
1050 3386 1097 3439 ta-

236 3482 422 3539 inseremus.
763 3496 837 3538 men
851 3495 1020 3542 numerum
1034 3493 1126 3552 quern

235 3581 337 3654 Igitur
346 3581 448 3637 Moses
460 3585 573 3638 cuntes
763 3579 997 3636 contractiorem
1010 3576 1124 3634 editio-

236 3692 315 3750 quos
330 3692 424 3749 supra
437 3693 587 3735 memora·
762 3691 803 3734 ne
825 3679 934 3750 ulgata
956 3690 1058 3733 sermo
1081 3687 1160 3745 prae·

235 3776 341 3832 vimus
355 3775 511 3834 antecedit
761 3775 816 3834 bet
829 3777 994 3835 hebraeus.
1010 3778 1068 3834 Vo-

236 3874 311 3945 quia
332 3878 432 3931 aetate
452 3875 557 3932 Georo·
761 3889 832 3930 rum
846 3875 879 3929 in
894 3875 1074 3931 curiositate

234 3971 284 4041 pis
309 3969 409 4028 fuisse
431 3978 583 4030 monstra·
761 3985 802 4028 ne
820 3985 934 4043 cesses,
949 3977 981 4028 et
995 3985 1068 4029 cum
1082 3969 1127 4027 di·

235 4074 287 4126 tus
315 4075 373 4126 est.
400 4067 447 4127 An
475 4071 587 4127 LXXX
612 4083 670 4126 au·
761 4069 868 4126 vinam
883 4069 1070 4142 scripturam

235 4171 298 4223 tem
312 4181 395 4224 anno
407 4168 484 4225 liosi
498 4173 530 4225 et
542 4183 575 4224 e-
761 4167 929 4240 diligenter
949 4169 1071 4224 evolvo-

235 4277 346 4336 gressu
359 4263 508 4322 israhelis
522 4280 562 4322 ex
680 4323 684 4330 ,
760 4267 814 4338 ris,
834 4281 853 4323 a
871 4266 1035 4323 nativitate

234 4360 378 4434 Aegypto
392 4377 518 4420 rursum
532 4361 572 4419 ad
760 4363 918 4421 Abraham
933 4375 1031 4434 usque
1044 4361 1084 4419 ad
1098 4365 1143 4418 to·

234 4461 393 4531 superiora
406 4473 534 4517 conver·
761 4463 826 4520 tius
853 4461 937 4519 orbis
963 4459 1121 4517 diluvium

234 4569 290 4614 sus
304 4556 607 4630 usqueadprimum
760 4560 903 4616 invenies
917 4564 1085 4616 retrorsum

234 4668 355 4713 annum
381 4655 439 4729 (ab)
469 4655 602 4713 Abrahoe
760 4657 1084 4724 annosDGGGGXLII;

234 4758 390 4830 repperies
414 4771 511 4816 annos
530 4753 585 4813 DV
746 4752 1000 4812 -Itenradiluvio
1015 4744 1114 4828 usquc
