3082 5386
507 442 646 491 semino
667 441 830 492 sensum.

195 615 321 673 servoli¹
354 614 430 687 quia
450 612 573 671 Domini
590 613 747 672 habemus
768 614 968 687 exemplum
988 612 1146 672 ebionim

197 710 242 770 e‘st
255 711 372 771 similis
384 726 457 769 enm
472 712 590 771 Christo
605 711 723 770 divetis
730 714 752 780 ²,
768 711 882 769 similis
895 716 944 769 est
958 716 1076 770 etcum

77 828 78 832 ¹
196 809 310 869 christo
323 810 504 882 temptarem
518 809 734 868 condicionem
746 810 832 867 enim
846 809 938 867 nobis
952 810 1041 882 inpo-

196 908 243 965 nit
256 906 411 967 tolerandi
426 906 568 966 condicio
579 907 746 981 jejunandi
757 919 766 980 ;
781 907 940 966 eredimus

196 1011 302 1064 autern
314 1009 396 1078 quo³
407 1006 492 1063 sieut
505 1006 641 1063 salvator
652 1011 759 1063 noster
772 1005 938 1064 diabulum

197 1119 268 1163 cum
283 1109 489 1176 temptaretur
502 1103 650 1176 obtinuit,
664 1104 710 1160 iia
724 1108 757 1160 et
769 1119 827 1162 nos
839 1103 911 1162 hos-

199 1208 245 1261 ies
260 1207 386 1261 nostros
399 1216 473 1260 eum
485 1201 675 1260 tribulamur
688 1215 781 1272 posse
793 1200 937 1261 devince-

197 1316 238 1358 re.
253 1301 380 1375 Jejunia
394 1300 480 1358 enim
494 1299 605 1359 Christi
620 1300 765 1371 temptari
780 1280 925 1372 possent.
941 1316 1005 1359 non
1019 1315 1089 1373 pos·

197 1402 275 1457 sunt
288 1398 429 1469 superari
441 1408 449 1470 ;
465 1398 631 1470 angustias
645 1397 775 1469 quidem
789 1396 909 1455 habent

198 1496 231 1553 in
245 1495 496 1553 observationem
511 1493 567 1552 sed
581 1480 818 1566 prosperitatem
832 1495 885 1552 tri-

197 1593 303 1652 buunt
316 1591 358 1652 sd
371 1593 518 1650 salutem.
534 1590 707 1650 Videamus
721 1593 821 1667 igitur

106 1885 173 1943 Post
185 1894 314 1940 versum
327 1881 359 1937 11
376 1877 505 1937 omissio
520 1878 566 1934 sie
579 1883 739 1949 reparatur
753 1878 917 1951 (scriptura
930 1878 1078 1950 cursoria)
1094 1895 1101 1936 ε

77 1977 204 2040 *mundi
212 1977 416 2051 estvoluptas
427 1981 460 2034 et
468 1975 556 2046 vitia,
567 1975 646 2047 quod
656 1976 739 2034 sieut
748 1976 900 2049 seriptum
907 1981 957 2035 est
964 1977 1005 2034 ad
1016 1982 1143 2050 tempus
1152 1977 1279 2052 quidem

111 2208 291 2282 Eooodice
309 2228 395 2278 usus
413 2214 469 2279 est
485 2205 706 2278 Mabillonius
724 2228 805 2278 cum
823 2207 968 2279 Maximi
978 2207 1146 2281 homelias
1161 2208 1280 2282 ederet

73 2325 189 2417 (Parin,
212 2322 314 2407 1687,
334 2323 395 2412 4⁰),
415 2341 482 2392 neo
499 2343 570 2392 non
586 2324 643 2393 Br.
664 2325 802 2394 Brunus
823 2324 979 2414 (Maximi
998 2324 1138 2394 Taurin.
1159 2345 1276 2416 opera,

71 2444 210 2521 Romae,
232 2437 345 2528 1787).
367 2437 446 2508 Vid.
468 2436 645 2522 Seherren
671 2437 897 2508 Verzeichniss
919 2439 979 2508 der
1000 2440 1190 2512 Handschr.
1220 2440 1280 2510 der

69 2553 355 2647 stiseseielioteek
377 2575 444 2623 von
473 2556 525 2624 St.
550 2555 681 2638 Galles,
706 2575 740 2646 p.
765 2555 819 2626 67.
849 2560 940 2626 Eum
967 2576 1037 2625 non
1067 2565 1147 2628 ante
1173 2555 1279 2628 finem

69 2670 207 2763 septimi
223 2669 282 2740 vel
300 2669 511 2762 principium
529 2670 641 2740 octavi
661 2672 830 2763 scriptum
847 2671 955 2742 fuisse
970 2692 1010 2742 eo
1026 2680 1171 2765 apparet
1188 2672 1279 2765 quod

67 2784 312 2877 quaterniones
324 2786 362 2856 in
373 2786 486 2858 medio
499 2785 560 2856 imi
576 2787 745 2878 marginis
758 2787 887 2877 signali
898 2796 980 2858 sunt
992 2787 1037 2878 (e.
1054 2811 1088 2880 g.
1098 2810 1177 2881 pag.
1190 2787 1276 2860 34οτ
1320 2792 1323 2800 ’

68 2888 124 2993 (ᾖ.
140 2902 301 2994 ΧΧΙΠΙ).
328 2902 466 2975 Omissa
487 2903 596 2973 verba
617 2903 676 2974 vel
698 2903 829 2974 unciali
854 2903 912 2974 vel
931 2905 1085 2976 cursoria
1107 2905 1280 2998 scripture

68 3017 225 3089 restituta
243 3024 338 3088 sunt.
391 3112 394 3119 ι

96 3212 119 3265 1.
134 3211 211 3266 Gerr.
226 3211 337 3263 servuli.

95 3290 118 3342 2.
133 3290 210 3342 corr.
227 3291 342 3344 motio.

98 3369 122 3422 3.
142 3370 216 3422 Gerr.
231 3371 317 3436 quoe.
