3082 5386
555 423 677 477 QUINTO
698 423 855 472 saecuto.

577 806 754 875 TABVLA
775 808 837 876 Vll

141 1052 329 1122 Vuaorvan.
356 1051 592 1124 Bibliothecae
616 1054 766 1146 Capituli
791 1056 900 1126 codex
923 1058 978 1140 LI,
1004 1056 1061 1145 lt,
1093 1057 1153 1127 sol.
1183 1052 1307 1131 39'v·:

95 1167 240 1237 Maximi
257 1167 480 1238 Tauriuensis
499 1170 651 1262 episcopi
669 1171 905 1262 depositiones
923 1170 963 1239 de
983 1172 1140 1264 capitulis
1159 1196 1304 1264 euanpc·

96 1282 233 1368 lictum,
256 1285 407 1354 cxxii
430 1283 569 1375 [Migne
591 1288 692 1370 LVII,
713 1287 805 1376 829].

289 1482 378 1538 Oculi
389 1481 511 1539 Domini
526 1481 675 1540 dicuntur
689 1485 744 1557 qui
758 1486 965 1555 speculantur

288 1579 446 1637 mundum
460 1586 491 1637 et
505 1587 626 1652 septem
641 1582 750 1639 stellae
763 1583 798 1639 in
813 1597 913 1640 manu

288 1678 342 1733 Dei
353 1689 362 1750 3
376 1680 421 1736 ita
434 1679 520 1735 enim
534 1685 656 1749 septem
668 1684 790 1749 sportae
802 1681 914 1751 plenae

288 1790 452 1847 superesse
467 1781 683 1834 monstrantur
696 1782 732 1834 ut
746 1791 870 1848 semper

287 1874 437 1931 aeclesiae
449 1875 560 1945 plenae
576 1875 675 1947 gratia
688 1875 798 1933 Christi
814 1889 883 1932 esse
896 1889 968 1932 nos-

287 1977 407 2030 cantur.
423 1973 502 2028 Item
517 1971 555 2028 de
571 1987 661 2030 caeco
675 1973 866 2030 inluminate
880 1973 914 2028 in

288 2071 496 2142 sequentibus
509 2071 630 2129 dictum
644 2077 694 2128 est
708 2066 792 2143 qu‘od
806 2072 922 2129 iterum

285 2167 434 2225 Dominus
449 2169 555 2225 ihesus
570 2168 704 2226 Christus
718 2168 830 2225 videns
845 2181 973 2226 caecum
987 2181 1005 2223 a
1018 2167 1135 2224 nativi·

287 2270 349 2323 tate
364 2281 423 2323 sua
436 2267 481 2323 ita
495 2266 649 2324 curaverit
664 2283 671 2322 :
687 2266 812 2337 Expuit,
829 2264 951 2337 inquid,

286 2363 320 2419 in
334 2365 434 2421 oculis
449 2365 519 2437 ejus
533 2370 565 2420 et
578 2365 720 2436 inposuit
734 2377 865 2420 manum
880 2377 972 2420 suam

285 2465 318 2517 ct
329 2462 532 2534 interrogavit
545 2477 620 2520 eum
635 2463 662 2518 si
674 2459 795 2533 aliquid
810 2459 895 2517 vide·

284 2565 332 2615 ret
345 2564 377 2615 et
389 2559 468 2616 dixit
482 2560 535 2617 ille
552 2577 559 2616 :
575 2580 588 2611 α
602 2558 694 2616 video
708 2559 852 2615 homines
868 2557 952 2615 sicut

286 2656 410 2714 arbores
423 2657 633 2727 ambulantes,
651 2677 664 2707 v
680 2657 841 2713 etiterum
855 2655 902 2710 in-

284 2757 391 2826 posuit
402 2757 432 2812 ei
446 2770 577 2813 manum
592 2760 624 2813 ct
636 2754 718 2812 vidit
731 2755 811 2812 clare
826 2768 890 2810 om-

283 2855 337 2910 nia
352 2868 463 2912 caecus
477 2856 537 2912 istc
552 2855 604 2911 cui
617 2854 766 2912 nativitas
782 2866 841 2909 sua
854 2865 918 2908 non

283 2950 410 3009 dederat
423 2954 528 3010 lucem
543 2951 599 3009 sed
610 2950 822 3023 naufragium.

215 3103 216 3106 ,
251 3036 351 3106 Visus
365 3050 399 3105 in
413 3049 482 3120 ipsa
490 3050 659 3106 nativitate
674 3052 866 3119 susceperat,

281 3162 368 3204 nunc
382 3149 586 3220 consequitur
599 3163 617 3205 a
630 3147 759 3203 Domino
773 3144 960 3202 medicinam
974 3153 982 3212 ς

280 3246 337 3302 lux
348 3260 421 3302 vera
436 3247 599 3304 salvatoris
612 3246 710 3303 nostri
724 3245 778 3316 qui
794 3243 865 3316 ejus

282 3344 389 3400 oculos
404 3342 611 3416 tenebrasque
627 3343 831 3401 inluminavit

282 3439 496 3507 captivitatem
509 3439 600 3495 visus
612 3437 755 3508 removit,
770 3436 867 3493 libere

281 3534 361 3591 lucis
376 3534 505 3592 donavit
518 3540 700 3606 aspectum;
715 3538 787 3605 post
799 3534 911 3604 longas

281 3632 425 3691 tenebras
440 3633 571 3690 luminis
586 3634 707 3704 impetu
721 3631 872 3702 radiatus

279 3731 379 3802 primo
393 3731 582 3788 nutantibus
595 3730 695 3788 oculis
709 3729 837 3787 videbat
851 3741 928 3800 qua·

280 3828 307 3884 si
321 3828 446 3886 arbores
459 3829 669 3900 ambulantes,
683 3826 796 3885 deinde
812 3826 889 3882 itera

863 3928 895 3979 ta

652 4021 834 4096 [Qttcterttio]
848 4021 888 4077 V.

120 4193 154 4249 ln
167 4193 319 4265 margine,
334 4193 472 4252 cursoria
489 4193 643 4265 scriptura
659 4209 666 4249 :
682 4191 721 4249 de
736 4205 817 4250 ceco.

127 4427 200 4496 Has
231 4427 374 4496 Maximi
405 4425 630 4496 Taurinensis
664 4420 899 4514 expositiones
935 4417 1029 4487 solus
1065 4435 1294 4487 conservasse

82 4543 221 4614 videtur
245 4543 354 4613 codex
377 4541 603 4624 Veronensis,
625 4541 724 4631 cujus
743 4534 1011 4626 descriptionem
1023 4532 1105 4604 vide
1124 4553 1180 4625 ap.
1201 4531 1298 4623 Reii-

82 4658 272 4745 ferscheid,
293 4658 383 4729 Bitl.
408 4661 551 4728 Petrum
571 4654 667 4741 Ital„
683 4657 710 4739 I,
727 4675 762 4746 p.
785 4651 924 4722 99-104.
