3392 5560
314 487 373 552 lou
739 501 891 550 uuoranrs
913 503 1099 551 scurrone.

355 674 452 743 Inter
469 671 647 742 columnas
666 690 758 742 vers.
780 671 822 739 27
843 678 988 763 apparet
1016 672 1158 763 signum
1186 674 1277 764 quod
1305 674 1343 745 in
1369 676 1529 768 margine

313 787 492 881 superiore
517 787 714 879 duplicatur
740 806 828 857 cum.
852 786 970 857 verbis
995 788 1247 880 tachygraphia
1272 790 1443 882 syllabica
1469 812 1529 863 ex·

312 903 445 998 pressis
466 919 474 970 :
495 905 628 972 Pa-tres
647 899 912 970 comederam
929 923 1050 971 u-oom
1073 906 1271 974 acardum.
1297 907 1345 975 Gi.
1372 914 1528 978 nostram

314 1017 550 1089 Introduction
568 1017 590 1086 ἁ
608 1017 644 1086 lo
661 1017 785 1086 lecture
808 1019 863 1086 des
887 1030 980 1087 notes
1006 1018 1211 1089 tironiennes
1237 1021 1363 1112 (1900),
1384 1043 1419 1114 p.
1440 1023 1521 1094 lod.

357 1133 473 1206 Codex
498 1133 575 1216 ille,
605 1133 795 1223 Prophetas
822 1154 965 1224 magnos
993 1134 1192 1220 continens,
1222 1135 1304 1206 olim
1334 1139 1372 1208 in
1400 1157 1527 1209 coeno·

313 1249 374 1322 bio
392 1248 531 1341 Majoris
557 1247 756 1320 ldonasterii
782 1268 889 1341 prope
910 1251 1065 1319 Turonos
1091 1250 1169 1341 (sub
1187 1259 1269 1321 nota
1288 1254 1337 1322 SS
1358 1253 1389 1343 l)
1412 1273 1530 1324 serva·

314 1365 431 1436 batur.
470 1366 566 1434 Tunc
600 1362 816 1434 Benedictini
855 1363 975 1454 (Nono.
1014 1365 1124 1449 traice,
1162 1372 1188 1434 t.
1227 1368 1286 1450 III,
1317 1366 1368 1458 pl.
1405 1349 1526 1454 XLIV,

315 1482 469 1564 XLVIII,
490 1500 525 1571 p.
542 1477 605 1548 176
625 1485 660 1550 et
678 1477 734 1568 25)
754 1479 938 1548 nonnullos
964 1481 1041 1570 ejus
1058 1501 1182 1551 versus
1201 1481 1362 1552 incisioni
1381 1484 1528 1556 manda·
1584 1467 1588 1474 ¹

314 1602 456 1681 verunt,
495 1594 634 1666 saeculo
670 1592 817 1686 septimo
853 1595 1015 1664 cumdem
1051 1595 1219 1686 scriptum
1255 1597 1364 1669 luisse
1395 1606 1529 1672 temere

318 1717 531 1801 reputantes.
553 1712 634 1781 Post
652 1710 719 1780 iter
737 1709 909 1788 Gallicum
926 1709 1088 1782 Gulielmi
1113 1711 1208 1782 Libri
1227 1713 1336 1784 codex
1356 1733 1375 1785 e
1399 1713 1528 1798 biblio-

314 1826 420 1899 theca
460 1825 600 1917 publica
640 1825 831 1896 Turonensi
871 1826 1030 1912 evanuit,
1074 1825 1200 1898 deinde
1244 1827 1282 1898 in
1322 1829 1527 1902 collectione

317 1939 645 2013 Ashburnhamiana
658 1947 828 2032 repertus,
845 1961 866 2010 a
880 1939 1088 2012 bibliotheca
1104 1942 1215 2033 patria
1230 1951 1349 2015 nostra
1367 1965 1423 2014 an.
1437 1947 1527 2017 1888

315 2058 515 2149 redemptus
533 2062 600 2128 est.
628 2055 678 2126 uf.
699 2060 737 2126 L.
757 2055 896 2141 belisia,
913 2056 1033 2127 Notice
1050 2079 1109 2124 sor
1126 2056 1173 2125 les
1190 2059 1391 2128 manuscrits
1407 2059 1527 2153 dispo-

316 2195 375 2242 rus
385 2172 426 2242 de
439 2177 474 2243 la
488 2171 711 2262 bibliotlcdque
728 2170 770 2239 de
786 2173 899 2255 Tours,
911 2191 946 2261 p.
962 2170 1065 2240 ll-ll
1081 2171 1176 2262 (Not.
1197 2185 1230 2241 et
1243 2185 1344 2258 ectr„
1355 2182 1381 2245 t.
1392 2177 1524 2260 XXXI,

314 2291 342 2375 I,
371 2287 483 2379 1883),
501 2296 536 2358 et
556 2286 740 2378 Gataloque
757 2285 812 2355 des
824 2286 1026 2356 manuscrits
1040 2286 1096 2355 des
1109 2287 1212 2378 fonds
1227 2289 1319 2358 Libri
1330 2292 1522 2378 etBarrois,

311 2402 677 2497 pffludffid

355 2519 537 2610 Scriptura
563 2516 711 2588 uncialis
741 2537 831 2608 quae
860 2515 1114 2608 Carolingicum
1142 2538 1268 2590 aevum
1293 2521 1426 2593 redolet
1451 2544 1526 2594 non

315 2657 392 2708 raro
411 2635 603 2727 scripturae
621 2633 794 2704 cursoriae
812 2633 927 2703 locum
945 2633 1049 2719 cedit,
1064 2634 1202 2724 quando
1216 2635 1331 2706 scriba
1348 2637 1463 2708 timuit
1477 2661 1525 2712 nc

314 2751 427 2844 spatio
459 2756 676 2836 vexaretur;
711 2748 888 2841 specimen
915 2748 996 2819 vide
1029 2770 1085 2841 ap.
1119 2749 1260 2838 Delisle,
1298 2751 1417 2824 tabula
1451 2754 1516 2825 cit.

312 2870 433 2958 Itaque
461 2865 505 2936 ad
532 2865 681 2957 priorem
713 2863 844 2936 saeculi
871 2865 953 2934 noni
986 2872 1121 2956 partem
1158 2865 1269 2938 codex
1305 2868 1520 2941 referendus.

313 2981 633 3054 Animadvertenda
651 2979 739 3052 levis
757 2982 868 3052 iorma
884 2980 1018 3052 litterae
1036 2983 1063 3051 Τ
1080 2981 1119 3052 in
1136 2981 1289 3074 ligatura
1306 2986 1375 3056 NI.

773 3325 950 3395 TABVLA
972 3326 1051 3394 LIX

353 3559 530 3628 Csnuuur.
558 3555 791 3628 Bibliothecae
816 3554 968 3627 civitatis
993 3554 1102 3626 codex
1126 3563 1163 3625 n⁰
1191 3555 1233 3624 52
1253 3553 1347 3646 (olim
1366 3555 1434 3647 78),
1456 3555 1516 3626 Iol.

310 3678 409 3745 Bu:
431 3671 665 3764 Euangelium
684 3671 875 3743 secundum
892 3670 1080 3740 Iohannem
1099 3673 1145 3757 X,
1166 3669 1288 3755 39-ΧΙ,
1304 3671 1323 3740 8
1345 3687 1353 3738 :

446 3887 485 3945 de
499 3885 643 3945 manibus
662 3899 780 3944 eorum
992 3875 1148 3945 Miserunt
1159 3899 1232 3958 ergo

411 3975 455 4044 Et
469 3984 547 4056 abiit
559 3985 674 4042 iterum
689 3988 775 4040 trans
1027 3996 1146 4039 sorores
1160 3983 1230 4055 ejus
1240 3981 1281 4044 ad

446 4081 604 4140 Iordanen
618 4081 652 4138 in
662 4095 736 4139 eum
1026 4095 1101 4138 eum
1113 4079 1253 4137 dicentes
1269 4096 1276 4136 :

448 4182 553 4238 locum
567 4178 703 4236 ubierat
990 4169 1123 4236 Domine
1136 4192 1207 4235 ecce
1221 4192 1316 4250 quem

446 4277 599 4334 Iohannis
617 4275 781 4346 baptizans
944 4260 946 4264 ’
1028 4289 1115 4333 amas
1131 4273 1319 4336 infirmatur.

446 4373 730 4446 primumetman-
991 4365 1137 4432 Audiens
1151 4371 1377 4430 autemdlrosus

447 4471 489 4528 sit
504 4470 578 4542 illic.
1025 4467 1105 4526 dixit
1118 4469 1187 4525 eis:
1287 4515 1288 4520 ,

412 4559 456 4628 Et
468 4567 561 4625 multi
570 4570 726 4623 venerunt
1009 4557 1272 4626 Infirmitashaec

447 4663 487 4723 ad
500 4679 584 4734 eum,
600 4667 631 4721 et
649 4662 730 4720 dice·
799 4711 801 4715 .
980 4715 982 4722 ,
1025 4679 1090 4722 non
1105 4667 1154 4722 est
1167 4663 1207 4722 ad
1220 4666 1351 4720 mortem

448 4761 636 4831 banttouia
646 4760 799 4821 Iohannis
1026 4760 1149 4834 sedpro
1164 4761 1328 4834 gloriaDei
