3082 5386
174 998 717 1123 SEMIUNCIALIS
760 998 1186 1123 SCRIPTURA

106 1416 221 1483 enea

584 1333 768 1352 —

98 1722 326 1821 eeltlett
360 1723 481 1833 rest
517 1723 770 1813 CHRISTUll
806 1726 968 1812 alteri
1005 1725 1262 1814 stadeloit

119 2254 247 2337 Quinto
266 2254 404 2325 saeculo
419 2274 478 2325 eos
492 2255 627 2327 codices
647 2256 798 2327 tribuere
812 2256 894 2327 licet
905 2256 965 2349 qui
983 2262 1124 2349 propter
1140 2254 1287 2325 formam

71 2368 275 2441 litterarum
307 2379 342 2440 et
371 2390 545 2441 summam
580 2371 838 2463 simplicitatem
873 2372 1040 2441 ductuum
1075 2370 1287 2462 antiquiores

70 2484 239 2557 videntur
256 2507 362 2577 quam
386 2485 496 2555 codex
521 2486 646 2555 Hilarii
665 2486 701 2555 in
721 2485 872 2557 Basilica
899 2488 933 2557 S.
950 2487 1041 2557 Petri
1061 2489 1206 2557 Romae¹
1228 2485 1286 2557 rel

68 2600 183 2671 codex
201 2600 347 2693 Sulpicii
366 2602 486 2671 Severi
504 2601 541 2670 in
559 2601 715 2693 Capitulo
734 2602 948 2673 Veronensi²
967 2610 1138 2672 servatus.

112 2716 231 2797 Quinti
258 2716 389 2787 saeculi
416 2736 460 2787 ea
486 2737 563 2787 esse
580 2716 719 2809 propria
746 2718 849 2808 signa
877 2718 1069 2788 existimo:
1098 2741 1120 2785 o
1141 2716 1284 2806 reliquia

67 2830 196 2903 litteris
213 2831 317 2925 paulo
336 2832 448 2901 minor
465 2832 523 2902 vel
548 2832 688 2925 oblique
706 2834 830 2923 posita,
849 2854 867 2901 e
886 2833 971 2903 satis
991 2853 1118 2923 magna
1136 2830 1284 2921 figuram

67 2966 216 3019 serrano
242 2946 429 3031 uncialem,
460 2948 493 3032 d,
521 2946 558 3033 d,
587 2947 622 3030 a,
650 2948 664 3015 l
689 2946 789 3017 hasta
818 2968 917 3039 pura,
940 2971 981 3039 p,
1011 2971 1033 3038 q
1059 2947 1168 3016 cauda
1198 2967 1285 3038 pura

67 3072 247 3149 exaratae,
269 3086 296 3131 o
320 3062 434 3154 priore
462 3083 563 3134 crure
587 3063 689 3155 paulo
713 3063 848 3154 longior
874 3084 979 3154 quam
1005 3064 1134 3151 alter03
1161 3071 1310 3133 ventor·

66 3176 206 3249 litterae
222 3200 246 3269 q
261 3197 366 3269 saepe
385 3178 506 3248 latiore
524 3199 630 3269 quam
649 3177 772 3249 altiore
786 3178 914 3248 circulo
933 3180 1113 3263 formatus,
1132 3176 1282 3269 denique

68 3290 152 3365 liet
175 3296 212 3361 ca·
233 3313 306 3363 non
334 3314 416 3364 raro.
438 3293 488 3363 ita
516 3293 671 3382 ligantur
693 3302 732 3363 ut
755 3294 770 3361 i
792 3294 883 3364 infra
907 3314 1050 3364 versum
1078 3293 1278 3364 descendat.

68 3408 342 3489 Quaternionum
366 3409 497 3500 pagina
517 3408 644 3479 ultima
665 3409 702 3478 in
727 3410 857 3500 angulo
883 3409 1005 3479 dextro
1028 3408 1089 3478 imi
1112 3408 1282 3499 marginis

68 3542 255 3595 nnmerum
273 3523 331 3594 vel
349 3523 502 3595 litteram
519 3524 694 3617 alphabeti
714 3524 868 3616 praebet.

515 3854 690 3923 TABVLA
712 3856 790 3925 LXI

110 4099 379 4171 Aueusronertr
396 4101 434 4169 in
451 4100 665 4190 Burgundia.
691 4101 876 4172 Seminarii
895 4099 1012 4190 magni
1037 4098 1146 4169 codex
1164 4116 1202 4169 n⁰
1220 4098 1276 4185 at,

72 4214 126 4283 iol.
151 4212 215 4309 109
234 4222 265 4283 r⁰
284 4221 319 4285 et
338 4214 401 4285 108
421 4222 457 4285 v⁰
478 4240 487 4285 t
508 4215 746 4308 interpretatio
768 4216 835 4285 Gai
851 4215 1118 4299 institutionum,
1147 4214 1209 4284 lib.
1231 4218 1275 4299 ΙΙ,

101 4444 123 4497 l.
137 4444 214 4499 Anno
227 4445 275 4497 509
292 4445 334 4496 rel
352 4444 399 4497 510
412 4454 555 4499 correctus.
574 4445 705 4510 Imagines
719 4446 777 4496 vida
798 4461 840 4510 ap.
856 4443 1047 4509 Zangemeister
1064 4450 1090 4495 et
1105 4445 1278 4496 Wattanbach

69 4526 208 4595 lampio,
220 4528 273 4580 tab.
284 4526 332 4588 5²3
347 4526 486 4591 Palaeopr.
504 4528 616 4591 Society,
631 4542 680 4578 ser.
698 4527 732 4590 1⁸,
746 4527 796 4578 tab.
813 4526 865 4575 136.

99 4604 123 4658 2.
137 4604 215 4657 Anno
228 4606 275 4657 517
288 4604 408 4670 scriptus.
421 4605 715 4671 Speciminaconferap.
729 4606 921 4670 Zangemeister
935 4610 960 4654 et
974 4605 1157 4669 wattenbach,
1172 4606 1225 4656 tab.
1240 4604 1280 4669 aa

75 4682 242 4738 floaumeatc
255 4684 309 4751 pel.
325 4698 412 4745 roera,
427 4686 482 4737 tab.
496 4686 529 4746 l;
544 4684 654 4749 Monadi,
669 4684 790 4736 Arcelaio
797 4685 856 4750 pat.
869 4684 992 4749 italiana,
1009 4683 1030 4747 l,
1046 4684 1099 4738 tab.
1106 4683 1189 4738 93-95.
1262 4716 1271 4743 -,
1286 4690 1306 4715 ἱ·

160 4774 304 4841 Cremera,
323 4775 425 4827 Uacial.
1173 4775 1189 4824 8
