3082 5386
627 426 856 477 mmmmm
876 427 1065 478 mmmm.

467 603 500 657 et
515 597 548 656 in
562 596 710 670 operitur
723 610 878 656 manuum
896 599 983 657 illiue

557 695 688 755 divitiae
699 698 769 756 sine
781 696 965 768 deiectione,

468 800 503 853 et
517 795 551 852 in
565 795 786 852 exercitatione
800 794 889 852 iilius

557 890 695 964 loquella
708 891 891 962 sapientiae,

469 993 502 1046 et
517 987 715 1061 praeclaritas
730 989 763 1047 in
777 987 989 1048 communica·

559 1085 644 1143 tione
658 1099 839 1142 sermonum
853 1085 951 1156 illiue,

471 1181 676 1240 circumibam
694 1194 849 1255 quaerens

556 1285 595 1339 ut
618 1280 698 1338 mihi
716 1279 805 1339 iliam
830 1277 1050 1352 adsumerem;

469 1391 549 1451 puer
560 1383 668 1436 autem
681 1391 766 1436 eram
778 1378 964 1452 ingeniosus

469 1480 502 1533 et
518 1475 649 1535 sortitus
663 1489 735 1533 eum
749 1475 888 1534 animam
899 1474 1024 1545 nonam,

468 1577 501 1629 et
516 1585 589 1629 cum
603 1585 706 1629 essem
720 1572 822 1645 magis
835 1571 949 1643 bonus,
964 1571 1038 1630 veni

557 1666 597 1726 ad
610 1682 723 1740 corpus
737 1669 1021 1742 incoinquInatum

470 1771 503 1824 et
516 1771 554 1824 ut
566 1766 644 1824 scivi
658 1767 808 1840 quoniam
822 1767 913 1826 aliter
925 1780 989 1825 non
1002 1780 1134 1839 possum

287 2021 645 2115 rnjmemooucn
663 2025 719 2098 r01.
740 2025 759 2097 r
780 2035 818 2097 v·
837 2042 846 2096 :
866 2025 964 2096 rue
980 2022 1190 2116 mmmm,
1202 2025 1265 2109 11,
1278 2022 1386 2107 rt-x,
1412 2020 1430 2095 3
1502 2002 1533 2073 ²·

508 2223 541 2274 et
581 2219 717 2277 incertae
730 2217 944 2291 providentiae
956 2222 1090 2276 nostrae.

508 2315 714 2387 Corruptibile
730 2317 815 2373 euim
829 2329 942 2388 corpus

615 2412 765 2487 adgravat
777 2415 916 2472 animam

503 2516 535 2568 et
568 2509 715 2582 deprimit
728 2515 850 2570 terrene
863 2509 1051 2571 inhabitatio

612 2623 743 2666 sensum
761 2609 862 2666 multa
875 2609 1068 2682 cogitantem

506 2711 538 2764 et
578 2703 745 2763 difficulter
758 2706 964 2763 aestimamus

613 2816 693 2876 quae
706 2802 740 2859 in
754 2807 835 2860 terra
848 2807 926 2860 sunt

508 2905 540 2958 et
571 2913 652 2973 quae
666 2900 700 2958 iu
712 2903 879 2972 prospectu
892 2905 970 2958 sunt

612 2998 793 3055 invenimus
807 3011 880 3055 cum
892 2997 1006 3067 labore,

508 3108 589 3167 quae
615 3095 649 3151 in
661 3094 756 3152 caelis
769 3098 846 3153 sunt
860 3098 968 3151 autem

610 3192 683 3264 quis
697 3189 920 3263 investigabiti

507 3290 642 3348 Sensum
656 3294 761 3346 autem
777 3294 869 3346 tuum
883 3287 956 3361 quis
969 3286 1064 3345 scibit

612 3386 675 3444 nisi
689 3391 726 3443 tu
740 3384 863 3443 dederis
877 3384 1065 3456 sapientiam

505 3490 537 3543 et
577 3484 701 3542 miseris
715 3489 861 3542 sanctum
875 3481 1020 3555 spiritum
1034 3486 1127 3541 tuum

613 3582 652 3640 de
666 3580 841 3652 altissimis,

508 3686 541 3738 et
578 3684 732 3738 comestae
746 3682 823 3737 sunt
837 3678 967 3737 semitae
980 3691 1089 3735 eorum

615 3778 670 3851 qui
681 3778 716 3834 in
731 3777 820 3835 terrie
835 3781 911 3834 sunt

508 3881 541 3934 et
568 3891 649 3949 quae
664 3876 721 3933 tibi
735 3877 860 3947 placent
873 3872 1040 3933 didicerint

615 3974 760 4032 homines

508 4077 540 4130 et
575 4087 631 4144 per
644 4074 831 4144 sapientiam
844 4071 956 4131 salvati
970 4075 1056 4130 eunt.

477 4161 565 4230 Haec
618 4173 709 4230 iilum
723 4172 778 4245 qui
787 4173 908 4245 primus
918 4170 1036 4229 tinctus

614 4275 663 4326 est
676 4274 763 4342 pater
776 4269 860 4327 erbis
871 4274 1033 4339 terrarum,

510 4384 582 4426 cum
615 4370 702 4428 solus
714 4374 799 4427 esset
812 4372 945 4437 creatus,
965 4365 1146 4439 custodivit,

511 4473 543 4525 et
579 4465 689 4524 eduxit
703 4467 795 4524 iilum
808 4481 828 4525 a
840 4465 969 4525 delict0¹
988 4478 1057 4536 suo,

278 4699 302 4752 l.
317 4699 393 4751 Gerr.
408 4699 513 4762 diiecto,
528 4699 640 4752 iitteree
655 4713 767 4766 superne
778 4704 914 4764 expuncta.
