3082 5386
526 435 654 485 ocravo
675 413 835 488 saecuto.

121 609 151 666 la
162 606 314 666 Dominus
327 622 437 666 vocem
450 608 569 667 levavit
582 609 659 681 quia
672 608 822 667 obscuras
836 616 961 669 mentes
977 611 1169 684 superbien-

122 690 201 766 tiu'm
216 707 334 767 diiecto
348 704 466 778 profeta
478 706 639 778 corripuit,
655 719 726 764 ecce
741 721 895 780 aquarum
909 709 1051 780 impetus

121 818 194 861 eum
208 804 353 876 protinus
368 803 500 874 operuit,
516 804 592 875 quia
606 802 645 860 ab
660 803 898 876 insurgentibus
913 804 1039 876 populis

121 908 151 960 et
165 918 263 961 causa
277 916 336 960 sua
347 901 551 972 correptionis
563 901 733 974 instigatis.
749 903 820 972 Ipse
834 902 869 958 in
883 903 1080 974 Hyerimfam

121 1006 236 1058 cuncta
246 999 378 1071 pertulit
391 997 447 1070 qui
462 998 666 1069 correptionis
680 998 776 1056 verba
787 998 951 1057 mandavit

119 1113 175 1169 per
185 1098 365 1168 semetipso
377 1110 499 1168 quoque
510 1094 659 1153 Dominus
673 1096 707 1152 in
721 1097 839 1154 nebula
850 1110 959 1154 vocem
969 1099 1086 1156 levavit
1099 1098 1227 1172 quando

334 1283 432 1340 LIBer
446 1281 548 1339 Sancti
561 1280 734 1343 BENeDicti
747 1282 992 1343 FLORioceusis.

104 1549 279 1642 Ejusdem
306 1547 435 1619 codicis
461 1548 519 1619 fol.
550 1548 593 1618 lo
633 1563 670 1618 v⁰
708 1563 716 1616 ε
755 1547 954 1640 Gregorius,
986 1548 1133 1617 Moralio
1152 1548 1190 1617 iu
1206 1551 1285 1636 Job,

49 1659 232 1752 XXVIII,
258 1665 300 1735 17
321 1664 465 1757 [Migne‚
487 1662 750 1751 nxxvltltl.

41 1882 127 1932 non
143 1870 299 1929 intellecti
314 1870 442 1943 superni
454 1869 567 1943 judicii
582 1870 853 1941 constringuntur,
868 1868 949 1942 nelo)
965 1874 1096 1927 tantum

40 1969 215 2042 persequi
229 1969 356 2026 valeant
369 1972 525 2040 quantum
538 1967 652 2025 volunt
665 1967 781 2038 pannis
794 1966 947 2024 infantiae
962 1966 1102 2026 referun-

42 2071 115 2126 tur
128 2066 287 2137 obvoluti,
300 2068 377 2139 quia
390 2067 474 2124 sicut
488 2064 609 2123 dictum
623 2069 672 2122 est
686 2064 820 2136 puerilia
832 2063 962 2137 quidem
980 2066 1119 2138 sapiunt,

46 2164 121 2222 sed
136 2163 250 2221 divina
262 2162 498 2234 dispensatione
513 2163 674 2220 constricti
689 2178 752 2236 quo
766 2162 880 2219 volunt
893 2161 1023 2221 brachia

47 2279 130 2321 non
146 2260 335 2320 extendunt.
349 2262 429 2319 Etsi
445 2266 559 2319 cuncta
572 2262 656 2319 mala
668 2264 844 2332 perpetrare
859 2261 971 2318 leviter
984 2274 1040 2331 ap·

47 2365 194 2434 petunt,
214 2373 415 2432 nequaquam
430 2363 535 2417 tamen
550 2359 680 2428 implere
693 2363 807 2416 cuncta
820 2373 902 2432 quae
915 2363 1070 2430 appetunt

52 2459 307 2530 permittuntur.
324 2457 494 2530 Sequitur:
512 2473 525 2510 α
542 2454 738 2514 circumdedi
752 2455 834 2514 illud
847 2457 990 2513 terminis

56 2557 148 2612 meis
165 2575 191 2611 ».
207 2554 361 2612 'ferminis
375 2553 444 2612 suis
458 2553 607 2611 Dominus
621 2567 706 2611 mare
719 2552 902 2625 circumdat,
917 2555 994 2626 quia
1006 2554 1070 2611 iras
1084 2569 1155 2626 per·

59 2652 273 2726 sequentium
283 2650 476 2725 judiciorum
489 2665 619 2709 suorum
632 2650 867 2722 dispensatione
880 2650 1060 2723 modeficat,
1076 2656 1114 2710 ut
1126 2652 1213 2711 insa·

61 2752 100 2808 ni
116 2749 235 2808 tumidi
247 2747 334 2807 unda
347 2748 483 2806 fervores
497 2751 591 2820 plano
606 2747 769 2822 frangatur
782 2751 871 2807 litore
887 2750 1009 2806 occulte

65 2848 327 2920 dispensationis.
343 2847 492 2919 Sequitur
507 2864 514 2904 :
531 2865 545 2898 o
560 2848 598 2904 Et
612 2849 705 2918 posui
720 2852 841 2905 vectem
855 2851 886 2904 et
901 2848 982 2904 ostia
993 2851 1025 2903 et
1038 2846 1106 2904 dixi
1124 2863 1132 2904 ε

67 2949 241 3017 Hucusque
254 2945 364 3002 venies
378 2951 410 3002 et
423 2959 488 3002 non
502 2943 651 3015 procedes
665 2930 816 3016 amplius.
836 2945 874 3002 Et
888 2945 941 3001 hic
954 2944 1134 3018 confringes

69 3045 139 3120 (tes)
155 3051 317 3103 tumentes
335 3046 451 3103 fluctus
466 3049 539 3102 tuos
554 3060 579 3100 a.
595 3042 677 3110 Quid
691 3058 746 3114 per
759 3044 840 3101 ostia
854 3043 916 3100 nisi
930 3041 1087 3113 praedica·

69 3148 152 3200 tores
168 3143 291 3201 sanctif
304 3141 382 3216 quid
395 3157 450 3214 per
464 3146 584 3199 vectem
597 3141 660 3198 nisi
678 3141 860 3199 incarnatus
878 3140 1027 3198 Dominus
1042 3139 1250 3215 designatur?

70 3241 150 3308 Quia
164 3240 243 3299 haec
253 3239 400 3297 videlicet
414 3240 495 3296 ostia
508 3243 616 3296 contra
629 3239 806 3296 saevientes
820 3252 922 3295 mares
937 3238 1039 3309 impe·

71 3344 140 3397 tum
155 3342 280 3396 tantum
292 3338 466 3395 valentiora
479 3337 636 3408 obposuit,
652 3342 771 3409 quanto
785 3351 823 3393 ea
837 3351 896 3394 sua
908 3335 1057 3393 observa-

71 3435 156 3492 tione
169 3434 335 3493 roboravit.
349 3434 429 3500 Quia
442 3434 527 3490 enim
540 3434 603 3490 ista
616 3438 731 3490 souctae
746 3433 896 3490 ecclesiae
911 3432 992 3488 ostia
1003 3445 1076 3488 vec-

72 3538 118 3590 tes
133 3531 233 3606 hujus
248 3530 444 3603 obpositione
458 3531 585 3589 solitata
598 3534 684 3589 sunt.
699 3533 876 3588 Posuerunt
891 3528 1020 3601 quidem

71 3629 149 3689 undi
162 3629 319 3702 vectibua3
335 3628 395 3686 Sed
408 3627 533 3703 effringi
544 3628 808 3702 nequI(e]verunt,
822 3632 859 3685 ut
871 3641 909 3685 ea
922 3627 1062 3684 exterius

71 3727 158 3785 unda
170 3727 401 3799 persecutionis
414 3727 553 3799 inluerit,
566 3726 622 3785 sed
635 3740 835 3799 nequaquam
849 3725 950 3783 cordis
965 3739 1073 3782 eorum
1086 3725 1138 3781 in·

72 3829 159 3883 terna
171 3829 357 3897 penetraret.
372 3825 411 3881 Et
422 3826 498 3897 quia
513 3824 654 3882 doctores
668 3824 767 3881 soucti
781 3822 1011 3894 praedicatione

72 3921 200 3995 quidem
214 3923 418 3995 sequentibus
432 3924 530 3995 aperti
545 3928 631 3994 sunt,
647 3921 864 3978 auctoritatem
881 3926 987 3978 autem
1001 3933 1060 3976 sua
1074 3934 1123 3976 re·

72 4020 255 4079 sistentibus
268 4035 333 4077 non
347 4022 493 4078 inmerito
504 4021 586 4077 ostia
599 4023 761 4090 vocantur,
777 4017 871 4076 idest
886 4022 991 4090 aperta

71 4119 306 4175 conversatione
321 4118 492 4176 humilium
507 4123 540 4175 et
554 4117 693 4175 clausam
707 4116 875 4174 terroribus
889 4113 1091 4186 soperborum

72 4230 133 4272 non
147 4216 294 4296 inmerito
309 4215 390 4272 ostia
402 4220 567 4274 vocantur.
586 4215 666 4281 Quia
679 4219 711 4271 et
725 4215 905 4286 ingressum
918 4210 1023 4268 fideli-

71 4310 127 4369 bus
142 4313 289 4384 aperiunt
302 4316 334 4368 et
347 4326 473 4370 rursum
486 4327 555 4370 sese
570 4310 704 4382 perfides
718 4326 759 4368 ne
773 4309 992 4383 ingrediantur

37 4459 39 4461 ,
72 4409 244 4480 obponunt.
258 4411 432 4466 Pensemus
443 4409 536 4481 quale
551 4409 701 4466 ecclesiae
715 4408 833 4465 ostium
844 4409 955 4464 extetit

72 4508 181 4565 Petrus
195 4506 251 4579 qui
263 4506 508 4580 investigantem
520 4505 616 4563 fidem
631 4506 801 4565 (fornillum
813 4506 940 4576 recepit,
956 4518 1046 4576 prae-

74 4605 115 4662 tio
128 4608 331 4676 quaerentem
343 4604 495 4662 miracula
509 4604 679 4676 Symonem
692 4604 839 4675 reppulit,
855 4604 902 4661 illi
914 4602 1022 4660 dicens
1039 4619 1046 4658 :

73 4701 109 4763 In
120 4701 254 4761 veritate
265 4703 391 4776 conpari
405 4701 553 4777 quonium
566 4716 629 4759 nou
642 4706 688 4759 est
700 4714 904 4774 personarum
916 4704 1059 4772 acceptor
1071 4701 1164 4770 Deus,
