3082 5386
617 448 744 497 ocravo
765 448 923 498 sarcuco.
1317 434 1376 501 1119

206 617 388 691 constricta3
404 633 492 676 nunc
504 632 577 676 vero
591 632 646 689 per
660 618 791 690 gratiam
802 618 926 676 Domini
944 622 977 676 et
990 619 1153 678 salvatoris
1167 619 1271 692 noeti,

207 719 285 776 sicut
298 719 341 774 ait
354 720 465 774 Petrus
479 718 650 789 apostolus,
667 722 806 788 tempora
819 718 1014 790 ignorantiae
1028 717 1124 790 dispi-

205 817 290 873 ciens
317 816 399 872 Dous
427 829 554 872 rursum
582 814 620 872 ab
643 816 697 871 illo
725 816 828 888 algore
856 815 1022 873 oblivionis
1049 820 1140 889 atque
1164 815 1280 876 duritia
1312 830 1379 876 cor·

204 911 250 969 dis
265 927 346 985 quae
361 913 445 970 sicut
457 913 542 984 longi
557 913 704 984 temporis
719 914 793 985 gelu
810 912 1044 971 obduraverunt
1058 913 1134 971 cari-

205 1001 274 1068 tatis
288 1011 343 1068 Dei
357 1012 431 1083 igne
446 1009 612 1067 solvuntur
626 1025 724 1082 aquae
739 1011 927 1083 populorum
944 1016 981 1068 ut
995 1010 1125 1069 effluant

178 1127 189 1160 c
204 1114 233 1165 ot
244 1113 406 1166 recurrant
420 1106 460 1165 ad
470 1109 578 1164 Deum.
590 1108 795 1165 Frumentum
809 1107 965 1165 desiderat
977 1106 1080 1166 nubes

178 1223 188 1259 ι
203 1211 232 1263 et
244 1207 348 1264 nubes
363 1210 516 1278 spargunt
529 1205 638 1262 lumen
653 1220 758 1278 suum,
773 1206 832 1263 hoc
846 1211 895 1263 est
921 1205 1115 1264 frumentum

203 1302 238 1361 de
252 1304 479 1376 quo-Dominus
492 1303 525 1359 in
539 1304 703 1375 euangelio
717 1317 772 1374 per
782 1303 965 1375 parabulam
978 1305 1118 1376 loquitur
1131 1302 1256 1362 dicens:

203 1402 337 1474 colligite
350 1401 469 1458 abania
482 1400 646 1458 fasciculos
660 1399 700 1458 ad
713 1399 950 1458 conburendum
965 1402 1104 1460 triticum

203 1504 306 1558 autem
320 1502 507 1572 congregate
518 1499 551 1556 in
563 1498 710 1557 horreum
722 1513 840 1569 meum,
856 1504 888 1557 et
899 1499 1072 1558 Hieremias

203 1597 408 1669 prophetasti
423 1613 431 1655 z
458 1595 536 1670 quid
550 1597 647 1668 paleis
661 1595 701 1653 ad
715 1595 927 1669 trumentum3
943 1596 1020 1654 dicit
1034 1596 1139 1668 proin-

203 1693 237 1750 de
251 1695 312 1752 boc
326 1696 437 1752 vivum
450 1694 659 1767 frumentum3
674 1694 815 1752 doctores
829 1708 951 1768 quoque
971 1695 1121 1752 ecclesiae
1144 1695 1200 1769 qui

202 1792 295 1851 velud
309 1807 412 1851 nuves
426 1797 550 1864 portant
563 1807 661 1866 aquas
687 1793 845 1865 euangelii
859 1793 983 1853 haruire
998 1791 1121 1851 deside-

202 1896 256 1963 rat,
272 1891 356 1949 sicut
369 1897 401 1948 et
415 1891 463 1948 illi
475 1891 529 1963 qui
543 1895 632 1948 erant
646 1888 685 1947 de
697 1890 758 1948 hoc
772 1890 927 1948 frumento
942 1889 1099 1949 dominico

203 1987 380 2046 habitantes
394 1988 580 2046 Anthiociae
593 1987 736 2046 Pissidire
750 1988 907 2061 rogabunt
920 1996 930 2032 ¹
945 1989 1081 2047 Paulum

202 2091 231 2143 et
241 2086 406 2145 Barnaban
420 2091 458 2143 ut
471 2086 673 2158 loquerentur
686 2086 732 2142 eis
747 2085 878 2144 verbum
892 2087 946 2143 Dei
960 2086 1046 2158 quod
1060 2087 1102 2144 ie-

201 2189 309 2241 cerunt
323 2184 456 2255 apostoll
470 2181 639 2241 suadentes
652 2189 690 2240 ut
703 2188 920 2253 permanerent
933 2185 967 2241 in
982 2199 1049 2258 gra-

201 2281 243 2338 tia
254 2282 323 2338 Dei.
341 2282 504 2338 Cornelius
516 2295 638 2354 quoque
652 2280 692 2339 ad
704 2283 830 2340 Petrum
843 2282 1019 2353 apostolum
1031 2283 1092 2341 ait:
1115 2296 1201 2340 nunc

200 2392 270 2450 ergo
285 2393 395 2436 omnes
409 2393 468 2437 nos
481 2379 516 2436 in
530 2385 701 2451 conspectu
715 2383 769 2436 tuo
783 2378 936 2437 adsumus
956 2378 1064 2438 audire
1078 2394 1143 2437 om·

201 2477 252 2534 nia
265 2491 481 2550 quaecumque
495 2477 552 2535 tibi
565 2483 731 2549 praecepta
744 2483 821 2536 sunt
834 2477 1004 2549 aDomino,
1017 2482 1051 2536 et
1063 2479 1166 2536 Moses

200 2574 259 2630 ait:
275 2575 413 2646 excipiat
427 2574 523 2632 velud
536 2576 677 2646 pluviam
691 2575 853 2647 eloquium
871 2580 1023 2633 meumst
1045 2574 1077 2631 di

533 2672 718 2745 [quaternio]
745 2674 803 2730 XX

206 2891 339 2978 Codex,
367 2891 498 2983 dequo
523 2893 567 2962 ci.
589 2894 784 2982 Augustum
801 2891 976 2975 Molinier,
1000 2891 1186 2984 Ootoloquo
1211 2890 1268 2960 des
1294 2914 1373 2964 mss.

167 3004 311 3079 destiti.
328 3007 425 3100 publ.
441 3010 549 3093 XVII,
570 3027 605 3098 p.
620 3007 697 3093 171,
713 3027 809 3077 more
821 2993 1103 3097 anglo-saxonico
1122 3016 1285 3078 exaratus
1305 3017 1372 3079 est.

166 3124 350 3208 Corrector,
378 3126 471 3194 Saxo
496 3123 584 3213 ipse,
611 3122 673 3214 qui
698 3143 760 3193 suo
786 3142 931 3195 munere
952 3124 1094 3194 iunctus
1117 3130 1302 3215 estusque
1328 3123 1374 3195 ad

165 3260 240 3330 pag.
262 3238 325 3309 113
341 3239 490 3330 obliquis
509 3239 612 3309 lineis
626 3238 734 3310 verba
748 3238 921 3324 distinxit,
939 3238 1223 3332 orthographiam
1241 3247 1374 3311 restau-

164 3357 264 3439 ravit,
286 3355 437 3446 singulis
455 3355 621 3426 alitteris
645 3363 750 3447 caput
767 3356 908 3447 adjecit,
928 3376 1033 3448 saepe
1051 3355 1256 3446 compendia
1280 3356 1373 3428 male

163 3471 408 3563 interpretatus
447 3479 513 3556 est,
539 3491 571 3542 e.
608 3497 641 3563 g.
690 3470 768 3540 voci
800 3493 868 3562 quo
907 3471 999 3542 linea
1032 3479 1215 3542 coronatae
1258 3472 1292 3564 (i.
1329 3492 1365 3543 e.

163 3586 336 3678 quoniam)
363 3585 544 3657 substituit
571 3586 707 3679 quondo
735 3586 866 3687 (10111
887 3586 1014 3678 et13);
1036 3587 1113 3657 aliis
1132 3586 1216 3657 loeis
1234 3587 1370 3658 libidini

162 3700 306 3772 indulsit
342 3723 402 3794 pro
425 3724 505 3770 uero
528 3703 742 3773 restituendo
763 3711 787 3778 ci
807 3702 877 3795 (iol.
894 3702 935 3774 97
954 3710 991 3775 ct
1005 3702 1069 3772 112
1088 3703 1151 3795 ν’),
1168 3711 1233 3774 etc.
1256 3707 1369 3774 Punc-

162 3823 235 3887 tum
254 3821 404 3906 supcrY
422 3838 493 3888 non
510 3817 642 3910 ubique
655 3821 851 3912 apponitur.

619 4158 797 4229 TABVLA
817 4157 908 4227 XCV

200 4424 372 4494 Paursus,
406 4387 640 4493 Bibliotireoue
671 4423 805 4513 patriae
835 4421 912 4492 cod.
941 4420 1001 4491 lat.
1034 4420 1134 4507 rllc,
1168 4419 1227 4490 sol.
1258 4421 1319 4493 151
1352 4438 1362 4492 t

157 4539 364 4631 Eugippus,
390 4542 560 4632 Eaccrpta'
585 4542 799 4631 creporibus
824 4537 1020 4628 libyestini,
1048 4539 1107 4606 CX
1127 4538 1174 4628 [p.
1197 4535 1273 4622 389,
1303 4536 1364 4607 ll-

186 4731 209 4783 1.
223 4732 300 4784 corr.
318 4732 460 4799 ropobaat.

249 4822 393 4888 Granum,
410 4821 511 4876 Uccial.
774 4885 780 4896 .
1244 4821 1275 4874 12
