3082 5386
583 402 734 452 unciam
755 402 944 453 scaiman.

319 571 391 629 lunt
402 571 512 632 audire
525 590 587 647 me,
604 575 680 647 quia
693 575 842 635 universa
853 575 968 633 domus

317 669 473 743 Isttlrahel
488 676 675 733 contentiosi
690 680 768 733 eunt
779 680 812 731 et
824 673 903 731 duro
918 670 1019 730 corde.

317 768 397 826 Item
411 773 573 841 apostolus
584 772 624 829 ad
636 773 762 830 Galatas
777 790 784 829 :
801 772 851 829 Sio
865 770 955 828 stulti
969 783 1018 826 es·

319 867 386 924 tist
396 881 469 925 cnm
482 869 597 939 spiritu
611 871 785 942 coeperitis,
802 883 889 926 nuno
902 880 995 926 carne

321 961 526 1035 perfloemini.
544 968 624 1024 item
639 966 680 1025 ad
693 968 966 1025 Tessalonioeuses
979 965 994 1021 1
1009 982 1017 1021 ι

321 1064 471 1135 corripite
485 1066 656 1137 inquietos,
671 1064 878 1123 consolamini
892 1077 950 1134 pu·

320 1162 521 1234 unianimes,
542 1164 694 1234 suscipite
708 1161 860 1233 infirmos,
880 1162 961 1233 pati-

320 1266 410 1319 entes
425 1265 524 1318 estote
534 1260 574 1318 ad
588 1275 707 1318 omnes.
722 1261 802 1317 Item
816 1258 857 1317 ad
867 1258 1068 1316 Timotheum

320 1359 358 1415 1:
373 1360 461 1416 insta
475 1364 637 1430 oportune,
653 1360 839 1429 inportunos
853 1370 961 1430 argue,
976 1371 1066 1414 exor-

324 1462 400 1526 tam,
415 1457 550 1527 increpa,
563 1456 598 1512 in
611 1455 699 1512 omni
713 1455 866 1526 patientia
878 1459 910 1510 et
924 1453 1076 1512 doctrina.

322 1555 465 1612 XXXIII.
480 1553 525 1610 De
539 1552 849 1624 praevaricatoribus.

320 1652 357 1708 In
375 1651 531 1724 psalmod
544 1668 550 1706 :
565 1649 715 1708 iacientes
730 1651 1010 1722 praevaricationes
1024 1649 1091 1707 odi·

323 1749 367 1820 vi,
382 1763 447 1805 non
461 1746 586 1806 adhesit
599 1747 679 1805 mihi
694 1763 746 1806 cor
759 1763 901 1821 pravum.
915 1750 994 1806 Item
1007 1748 1041 1804 in
1053 1749 1125 1805 Pro·

325 1846 442 1904 verbiie
458 1864 466 1904 ι
482 1846 571 1904 Sicut
583 1845 672 1904 cauis
685 1861 759 1904 cum
773 1846 965 1905 convertitur
975 1844 1016 1903 ad
1030 1859 1084 1903 vo·

325 1944 443 2001 mitum
457 1958 553 2002 suum
566 1943 695 2001 odibilis
708 1942 853 2016 efficitur,
869 1945 916 2002 sic
927 1933 1054 2002 stultus

322 2041 444 2099 malitia
458 2056 518 2099 sua
531 2055 702 2100 conversus
717 2043 751 2098 in
767 2043 903 2114 peccatis
918 2043 997 2100 suis.

323 2141 403 2197 Item
427 2139 461 2196 in
483 2139 692 2198 Ecclesiastico
716 2141 877 2197 :Initium
896 2139 1061 2212 superbiae
1086 2137 1227 2196 hominis

323 2241 498 2309 apostatare
515 2237 619 2310 aueo,
634 2237 781 2309 quocum
795 2238 924 2295 initium
940 2237 1059 2309 peccati
1073 2252 1139 2294 om·

324 2336 376 2394 uis
390 2335 550 2407 superbia.
570 2336 648 2392 Item
662 2336 728 2392 illic
742 2352 749 2392 :
764 2336 801 2392 Iu
815 2335 941 2393 duobus
956 2336 1065 2394 timuit

327 2447 379 2491 cor
391 2448 500 2492 meum
513 2438 547 2490 et
559 2433 594 2490 in
608 2434 699 2490 tertio
714 2433 876 2491 iracundia
888 2433 968 2491 mihi
980 2433 1033 2491 ad-

324 2531 422 2602 venit,
438 2532 487 2588 vir
495 2530 627 2589 bellator
640 2529 789 2588 deficiens
803 2545 858 2603 per
875 2533 942 2588 ino

327 2630 423 2702 piam,
443 2629 491 2686 vir
504 2633 657 2688 sensutus
671 2633 872 2701 contemptus
885 2630 986 2702 etqui

520 2779 702 2854 [01441Μὶ0]
716 2781 813 2840 VIIII·
865 2786 870 2796 ‘

216 3051 334 3123 Codex
352 3049 436 3120 olim
453 3047 677 3120 Sessorianus
695 3047 738 3118 58
758 3069 779 3118 a
797 3046 931 3118 duobus
961 3047 1235 3119 amanuensibus
1260 3068 1385 3120 exara·

172 3175 230 3239 tus
255 3175 320 3254 est,
351 3185 499 3258 quorum
527 3163 622 3257 prior
646 3162 893 3256 quaterniones
918 3165 1011 3233 i-xv
1035 3164 1190 3234 numeris
1216 3166 1254 3235 in
1273 3165 1387 3236 media

173 3291 273 3377 parte
307 3282 371 3353 imi
406 3279 575 3371 marginis
613 3279 780 3371 appositis
816 3279 982 3369 signavit,
1017 3277 1105 3349 aller
1140 3282 1387 3371 quaterniones

173 3405 361 3490 sequentes
386 3395 512 3467 litteris
540 3397 581 3481 A,
611 3398 680 3467 Β...
713 3396 756 3484 0,
783 3401 849 3466 eto.
875 3394 973 3465 Pri0r
996 3401 1125 3481 autem,
1152 3417 1234 3466 oum
1252 3396 1388 3468 videret

172 3535 260 3607 opus
287 3533 391 3583 snum
418 3511 508 3581 foliis
536 3511 711 3582 concessis
731 3531 802 3581 nou
830 3508 965 3579 absolvi
986 3529 1089 3601 posse
1124 3510 1196 3602 (Iol.
1230 3512 1297 3581 112
1324 3513 1385 3603 11),

63 3654 67 3659 ·
170 3628 302 3701 unciali
321 3626 453 3712 relicta,
475 3626 519 3696 ad
538 3625 771 3697 minusculam
790 3625 937 3696 recurrit
962 3632 1003 3695 ut
1020 3647 1165 3698 munere
1184 3647 1248 3696 suo
1268 3635 1389 3700 tamen

172 3746 388 3837 iungeretur.
409 3744 504 3823 Quae
522 3741 719 3812 minuscula
734 3741 849 3811 octavi
863 3739 996 3812 saeculi
1013 3741 1121 3813 finem
1134 3741 1279 3813 indicet.

216 3863 267 3931 De
287 3879 329 3931 eo
343 3864 490 3949 egerunt
503 3857 663 3949 Angelus
677 3857 746 3926 Mai
763 3876 844 3926 oum
862 3855 1050 3947 Speculum
1064 3857 1255 3953 Augustini
1267 3857 1390 3931 ederet

171 3977 327 4070 (Petrum
345 3994 438 4044 nova
456 3972 558 4058 bibi,
578 3975 606 4057 1,
627 3973 660 4058 2,
684 3973 701 4041 1
724 3971 830 4064 squ),
850 3971 1111 4058 Reifferscheid,
1140 3971 1227 4042 eiii.
1241 3987 1390 4066 patrum

170 4089 305 4176 Italico,
316 4091 345 4177 Ι,
366 4088 537 4174 lii-1303
553 4087 744 4173 Weihrich,
761 4085 844 4158 edit.
861 4072 1081 4179 supradictae
1100 4108 1182 4179 pag.
1202 4106 1325 4162 xxxiv
1334 4114 1387 4183 sq.
