3082 5386
627 358 777 409 uitellus
797 360 990 411 tcttlnutta.

431 531 619 589 conlocutus
632 544 674 588 ue
685 531 737 588 sul
750 534 940 589 tomrentur
949 530 1124 603 extenplo,

430 627 484 685 alx
497 638 591 684 orans
604 631 642 683 ut
653 633 847 699 mergeretur
859 628 1009 701 optinuit.

271 724 429 783 cclxxii
441 736 610 782 curuatas.

269 830 325 888 111.
398 818 545 889 Galerius
555 830 766 889 ilaxlmlauus
780 830 921 889 morltnr.

268 936 337 995 llll.
397 928 561 997 Romanae
573 937 726 995 cocleslac
739 936 841 996 ml
855 936 1021 997 orllnatnr
1033 937 1235 1013 eplaclopua

429 1033 580 1092 silvester
591 1034 685 1091 annis
700 1035 799 1093 xxll.

270 1131 307 1189 v.
394 1122 590 1191 liaalmlnus
604 1133 822 1203 persecutione
836 1134 869 1190 ln
883 1132 1075 1193 Christianos
1091 1132 1208 1207 {laeta
1225 1149 1311 1195 eum

425 1229 491 1302 jam
505 1242 525 1287 a
538 1229 658 1291 Licinio
673 1229 856 1301 puniendus
870 1236 966 1301 osset,
979 1236 1057 1304 aput
1072 1230 1228 1306 [lartum

428 1328 570 1385 morltur.

394 1417 630 1485 Alexandrinae
640 1424 791 1483 ecclesiae
806 1424 891 1483 xv11
906 1423 1081 1492 ordinatior

425 1523 596 1596 episcopus
610 1520 762 1580 Achillas.

271 1620 323 1678 vl.
392 1611 575 1681 Maxentius
585 1620 674 1693 justa
687 1625 816 1693 pontem
829 1620 985 1679 ilulvlum
999 1635 1018 1679 a
1032 1620 1120 1695 {eon-

423 1720 565 1777 stantino
577 1723 745 1792 superatur
757 1715 923 1777 occiditur.

237 1948 449 2040 Fragmenta
485 1946 688 2033 Petavinna,
724 1954 764 2019 ut
799 1946 918 2019 verbis
954 1944 1087 2021 Allredi
1124 1946 1295 2023 Schoem
1333 1957 1422 2035 utar,

196 2060 351 2154 adligata
384 2070 467 2134 sunt
499 2062 751 2155 aglutinatore
779 2061 888 2133 codici
916 2062 1123 2156 Hieronymi
1149 2062 1301 2137 saeculo
1333 2085 1422 2137 nono

193 2176 327 2271 scripti,
353 2177 390 2249 in
417 2198 486 2270 quo
511 2176 643 2271 legitur
672 2200 680 2248 :
712 2202 731 2245 ι
765 2178 831 2248 Hic
867 2184 922 2250 est
958 2178 1048 2250 libor
1079 2178 1194 2250 sancti
1231 2179 1420 2253 Maximini

192 2292 412 2366 Miciacensis
431 2293 645 2375 monasterii,
665 2313 771 2386 quem
789 2292 909 2366 Helias
929 2290 1122 2366 monachus
1139 2301 1294 2386 rogante
1317 2298 1420 2369 Petro

193 2407 320 2481 abbate
353 2408 552 2501 scripsit...
583 2437 601 2474 a
630 2411 754 2481 Petrus
781 2415 900 2480 autem
931 2416 1103 2501 regnante
1130 2407 1315 2482 ludovico
1343 2411 1416 2495 Pio,
1530 2450 1534 2457 -

192 2523 285 2595 circa
299 2544 380 2595 ann.
403 2522 566 2606 839819,
585 2523 793 2596 Miciaccnse
814 2524 1065 2595 monasterium
1082 2522 1340 2609 moderabatur
1360 2526 1415 2618 (cf.

194 2637 307 2710 Gallia
324 2637 466 2725 Christ„
485 2641 575 2724 VIII,
598 2638 712 2731 1129).

231 2753 280 2826 Iis
298 2754 504 2846 fragmentis
522 2775 608 2825 usus
627 2763 683 2826 est
700 2753 874 2847 Jcsephus
889 2752 1058 2846 Scaliger.
1076 2756 1147 2826 Sex
1166 2754 1249 2825 tolia
1269 2762 1416 2829 tautum

188 2869 320 2941 veteris
344 2869 572 2962 manuscripti
595 2878 797 2962 supersunt,
825 2868 954 2962 quibus
982 2870 1141 2941 addenda
1165 2869 1234 2941 duo
1255 2869 1296 2941 in
1314 2873 1417 2944 Vati·

187 3005 276 3057 cano
296 2987 386 3078 lieg.
413 2985 500 3056 1799
518 2993 736 3056 conservata.
756 2987 836 3055 lam
855 2985 1103 3056 animadvertit
1129 2983 1294 3058 Schoene
1314 2987 1414 3060 codi-

185 3120 262 3173 cem
275 3101 359 3172 noni
380 3099 511 3171 sacculi
527 3101 572 3171 ad
594 3099 759 3192 paginam
778 3110 814 3171 et
832 3099 961 3171 lineam
981 3120 1026 3172 er
1048 3100 1191 3192 antiquo
1206 3100 1412 3197 archetypo

185 3224 302 3289 nostro
319 3216 569 3306 transcriptum
588 3236 678 3288 esse.

229 3331 424 3424 Septimum
438 3331 617 3403 saeculum
630 3331 737 3420 vulgo
756 3331 960 3423 fragmentis
977 3328 1177 3403 Petavianis
1191 3353 1411 3408 conoessum

185 3450 296 3520 torma
312 3446 508 3519 litterarum
524 3447 668 3540 respuit.
689 3449 740 3517 Ea
757 3454 858 3519 sexto
877 3446 1003 3519 sellem
1021 3446 1211 3543 incipiente
1239 3451 1410 3539 saeculo,

183 3562 223 3634 ic
258 3568 313 3634 est
347 3561 487 3654 quando
520 3561 700 3632 conditum
731 3569 786 3634 est
807 3561 1016 3634 Miciaccnse
1050 3562 1256 3636 coenobium
1284 3586 1404 3660 prope

185 3677 426 3763 Aurelianum,
446 3676 576 3764 scripta
593 3676 743 3748 libenter
761 3677 973 3770 putaverim.

228 3926 263 3995 2⁰
279 3926 495 3998 Auriculam.
527 3923 763 3997 Bibliothecae
796 3925 949 3995 civitatis
977 3924 1088 3997 codex
1110 3936 1147 3996 ιιο
1163 3924 1205 3995 ll
1234 3925 1284 4011 (in
1303 3949 1405 4002 novo
1540 3985 1541 3998 .

185 4040 342 4132 catalogo
362 4040 431 4133 19),
452 4040 511 4111 iol.
532 4040 575 4112 29
594 4040 687 4111 v⁰·30
710 4039 868 4123 :Paulus
890 4040 1047 4131 Epistola
1068 4044 1089 4109 I
1113 4039 1162 4110 cd
1187 4040 1407 4119 Goriatltioc.

677 4253 743 4310 Fol.
756 4254 792 4311 29
806 4261 841 4309 ιο
856 4252 933 4325 (cap.
950 4267 994 4325 rx,
1009 4267 1039 4310 v.
1057 4252 1162 4324 19211.

576 4425 616 4469 ex
629 4410 778 4469 omnihus
792 4411 936 4469 omnium

509 4523 561 4567 me
575 4521 702 4566 servum
717 4506 775 4565 leci
789 4514 827 4567 ut
839 4508 946 4581 plures
961 4508 1008 4566 lu-

509 4607 554 4663 cri
568 4604 702 4664 lacerem
717 4617 726 4680 ;
741 4611 773 4664 ιι
786 4603 889 4664 lactus
904 4621 978 4665 sum
988 4608 1043 4665 Ju-
