3082 5386
540 409 665 465 Quirino
686 409 843 459 SAEGULO.

120 586 479 640 termaneneutunum
756 579 909 636 rationem
923 577 1070 638 divinita·

119 680 193 751 sint,
209 680 254 736 ita
267 691 370 736 unum
384 681 462 735 sunt
756 678 807 743 tis,
823 674 901 733 dum
914 690 1017 750 neque
1029 674 1158 735 aliunde

117 772 577 845 ucaneonondlneratnecs,
756 789 852 847 quarn
865 789 904 832 ex
916 775 980 833 Deo
992 775 1075 832 Deus
1088 780 1185 833 natue

116 873 463 932 itaindillerensaltco
476 871 557 929 Deus
755 878 813 945 est,
829 871 987 931 etexDeo
998 872 1224 945 Deasnonpo-
1255 914 1259 925 .

117 979 154 1031 ut
169 974 344 1045 perfectum
359 970 557 1028 Decmeuns·
755 976 818 1028 teet
831 984 895 1028 non
909 969 943 1028 id
955 984 1026 1028 esee
1039 970 1126 1044 quod
1173 1031 1174 1034 ,

118 1073 241 1130 alluerit
257 1070 393 1143 perlecta
410 1071 490 1129 nati·
755 1068 837 1124 Deos
850 1072 908 1140 est,
923 1068 1139 1142 percursisque
1152 1074 1206 1128 ets

119 1173 213 1243 vitas,
229 1172 395 1229 itaaulem
406 1170 522 1241 perfec-
756 1166 861 1224 sinon
876 1165 1139 1226 omnituenmea

118 1274 150 1324 ta
163 1268 313 1325 nativitas
325 1267 371 1324 ita
384 1271 490 1324 autem
756 1263 797 1321 ad
810 1265 1063 1349 intellegentiam

117 1363 253 1436 perlecta
267 1365 417 1422 nativitas
431 1364 508 1422 sub·
756 1359 1101 1421 sufficienabocdicto

117 1465 218 1535 sistat,
234 1464 309 1534 quia
321 1465 356 1520 in
369 1464 432 1521 Deo
443 1477 482 1520 ex
495 1463 557 1520 Deo
755 1458 1024 1519 rumdlvinorum
1037 1459 1091 1519 ad·

117 1566 192 1617 nato
206 1561 405 1631 corporaliter
415 1559 461 1617 di·
568 1568 570 1573 ’
723 1573 814 1629 ,que
827 1558 1069 1629 apostolicorum
1081 1563 1142 1615 tee-

116 1658 259 1716 vlnilatis
276 1657 433 1715 inhabitet
445 1659 510 1729 ple-
756 1657 908 1728 timoniis,
928 1654 1043 1728 quinae
1056 1654 1140 1712 inse-

120 1754 243 1813 nitudo.
755 1751 903 1825 parabilis
916 1758 1030 1811 natura
1046 1766 1083 1811 ao

756 1855 895 1923 potestas
908 1852 1007 1922 patrie
1020 1856 1053 1908 et
1066 1848 1112 1907 lili

118 1966 178 2010 arn.
194 1966 254 2010 vm
266 1965 412 2011 nxrnrcrr
756 1947 937 2022 docebatur,
950 1963 1050 2021 usqae
1064 1946 1105 2006 ad
1118 1948 1207 2006 huno

757 2046 947 2118 apostolicae
961 2044 1035 2104 fidei
1046 2046 1154 2106 locum

118 2144 545 2218 rncln1r1nsnsnnun1nan1
757 2146 983 2218 venimusque
997 2145 1063 2203 alt:

117 2257 178 2301 nro.
194 2256 277 2302 nrm.
844 2241 957 2302 Videte
969 2242 1099 2316 nequis
1114 2255 1172 2301 vos

127 2418 234 2532 other
260 2461 345 2538 olim,
361 2462 399 2531 in
427 2461 638 2532 monasterio
669 2461 790 2533 Sancti
820 2462 980 2554 Dionysii
1003 2469 1180 2547 servulus,
1208 2459 1301 2553 quod

19 2609 26 2618 ·
86 2579 234 2669 probant
261 2584 363 2648 notae
393 2579 459 2664 ΙΙΙ-
495 2576 628 2648 decimo
666 2577 781 2662 tertio,
812 2580 853 2647 ΙΙ.
883 2594 984 2649 xnvrr
1016 2574 1300 2669 decimoquinto

83 2693 223 2762 saeculo
243 2691 435 2784 appositae.
452 2691 538 2763 Vide
557 2692 698 2776 Delisle,
712 2697 758 2761 Le
776 2692 909 2762 cabinet
927 2690 1087 2777 deonna,
1108 2694 1167 2777 ΙΠ,
1182 2713 1216 2784 p.
1235 2691 1299 2762 205

84 2817 120 2878 et
136 2807 186 2900 pl.
207 2811 248 2878 V.
269 2807 489 2879 Benedictini
509 2809 630 2900 (Nouo.
651 2809 767 2890 troici,
788 2811 831 2891 ll,
852 2807 915 2880 395
935 2817 1027 2894 not.;
1048 2810 1108 2894 Ill,
1127 2807 1189 2878 ΙΙΙ
1211 2808 1300 2898 not.)

83 2924 239 2994 codicem
265 2923 309 2995 ad
334 2931 499 3015 quartum
524 2925 633 2996 etiarn
660 2924 839 2996 saeculum
865 2944 968 3016 posse
993 2924 1117 2996 referri
1138 2932 1300 2995 autuma-

82 3036 185 3122 bant,
206 3039 263 3108 cui
289 3038 394 3109 aetati
423 3037 560 3125 obstat,
581 3041 619 3109 ni
646 3039 755 3125 fallor,
776 3041 889 3110 forma
914 3038 1049 3111 litterae
1074 3042 1116 3109 A.
1137 3042 1183 3109 Aa
1206 3047 1300 3110 certe

83 3153 349 3244 antiquissimus
386 3164 422 3225 el
459 3151 503 3226 ad
530 3154 705 3248 ,quintum
736 3155 863 3226 saltem
888 3155 1069 3226 saeculum
1094 3154 1299 3227 referendus

81 3267 232 3340 videtur.

127 3387 166 3453 ln
194 3404 235 3455 co
267 3386 496 3456 inveniuntur
527 3395 631 3457 notae
658 3387 832 3478 scriptura
867 3386 1104 3477 Morovingica
1139 3386 1297 3474 additae,

81 3500 180 3591 ipsae
198 3502 406 3572 veterrimae
425 3502 561 3588 aetatis,
581 3522 669 3594 quas
688 3501 770 3572 vide
788 3503 826 3572 in
844 3501 966 3573 labala
984 3502 1149 3596 Leopoldi
1168 3502 1298 3575 Delisle

83 3635 189 3707 supra
207 3616 324 3687 citato.

565 3938 742 4008 TABVLA
760 3940 810 4009 XI

128 4166 299 4232 Panisos.
320 4159 556 4234 Bibliothecae
576 4163 708 4254 patriae
728 4164 802 4234 cod.
824 4164 884 4235 lat.
907 4165 1006 4251 8907,
1029 4167 1086 4239 iol.
1108 4169 1149 4240 59
1172 4192 1180 4245 :
1202 4169 1297 4242 Hila-

85 4276 157 4346 rius
175 4275 417 4360 Pictaviensia
438 4275 666 4364 delrinitcte,
689 4281 727 4363 V,
749 4279 853 4350 23-25
873 4282 1018 4373 [lligna
1038 4287 1084 4368 X,
1107 4284 1196 4375 llll

119 4475 265 4529 ostensae
279 4471 509 4530 elbiinmontc
752 4474 1139 4548 euangelicidlstrlhutio·

119 4568 261 4626 veritatis
275 4569 416 4630 instituit
425 4583 481 4642 per
750 4571 1157 4650 nemadpersonaeelgni·

119 4664 519 4727 familiaritatemadeelo-
751 4669 940 4746 flectionem,
955 4658 1149 4736 demonstra-

176 4761 318 4827 Currncrrn,
335 4763 438 4816 Uaeicl.
1190 4773 1207 4824 2
