3392 5560
597 503 725 552 OGTAVO
747 502 904 552 sancum.

288 674 416 748 qrridam
429 674 559 748 signum

287 771 359 830 ierit
370 773 512 830 nullum.

252 859 367 928 Omnia
380 875 487 927 autem
502 881 671 941 quaerum-

285 983 343 1040 que
356 966 437 1025 dixit
449 967 602 1024 iohannis

286 1064 324 1122 de
336 1065 397 1122 hoo
409 1079 482 1123 vera
495 1069 585 1124 erant

286 1167 317 1220 et
334 1163 429 1221 multi
443 1162 582 1222 eredide-

285 1266 360 1318 runt
371 1261 406 1318 in
420 1275 503 1320 eum.

250 1348 326 1417 Erat
339 1364 446 1418 autem
460 1359 589 1432 quidam

284 1457 440 1529 languens
454 1458 589 1516 Lazarus
618 1502 625 1512 .

285 1567 303 1611 a
315 1554 470 1613 Bethania
484 1554 523 1612 do
537 1569 605 1614 oas-

285 1653 358 1710 tello
371 1652 485 1710 Mariae
499 1657 531 1710 et

283 1750 421 1810 Marthae
435 1751 548 1810 sororis

283 1848 362 1921 ejus.

249 1936 348 2004 Maria
360 1952 467 2004 autem
482 1951 548 2004 erat

283 2058 363 2118 quae
371 2045 464 2102 unxit
471 2043 602 2102 Domino
616 2059 672 2103 un·

283 2148 410 2214 guento.

247 2230 291 2298 Et
303 2241 432 2298 extersit
452 2239 548 2311 pedes

283 2337 353 2412 eJ‘us
368 2339 489 2408 capillis
504 2339 584 2410 suis,

282 2437 375 2510 onjns
390 2436 482 2494 frater
494 2438 555 2494 La-

282 2548 374 2592 zarus
388 2533 605 2595 infirmabatur

256 2625 267 2652 0

834 661 879 732 Ut
892 669 1083 743 glorificetur

869 769 955 828 filius
968 770 1023 826 Dei
1037 782 1092 841 per
1104 782 1190 828 eum.

832 859 993 942 Diligebat
1008 872 1116 926 autem

866 965 977 1024 ihesus
990 965 1144 1024 iiartham
1171 989 1173 994 ·

868 1072 900 1124 et
913 1080 1049 1125 sororem
1063 1066 1135 1139 ejus

867 1164 995 1223 Mariam
1009 1170 1041 1222 et
1055 1166 1150 1223 baua-

867 1277 949 1320 rum.

866 1360 906 1416 Ut
925 1374 998 1433 ergo
1012 1359 1135 1418 audivit

867 1456 943 1528 qrria
957 1455 1185 1528 infirmabatur,

833 1545 925 1612 Tuno
939 1553 1068 1627 quidem
1082 1569 1175 1612 man·

867 1652 909 1709 sit
928 1653 962 1710 in
976 1650 1086 1710 eodem
1101 1654 1168 1710 loeo

866 1747 988 1807 duobus
1004 1748 1117 1808 diebus

831 1838 954 1905 Deinde
968 1853 1039 1919 post
1052 1848 1130 1906 baso

866 1943 944 2002 dioit
955 1944 1121 2018 discipulis

867 2043 950 2100 suis.

830 2132 952 2201 Eamus
964 2142 998 2201 in
1014 2141 1168 2201 iudaeam

829 2241 945 2298 iterum
957 2252 965 2311 ;
985 2239 1097 2298 dieunt
1109 2240 1138 2296 ei

867 2335 1019 2408 discipuli
1035 2355 1042 2394 :

830 2436 930 2494 Rabbi
943 2450 1031 2493 nuno
1044 2449 1141 2507 qnae-

828 2534 940 2592 rebant
956 2538 986 2590 te
998 2532 1137 2605 lapidare

179 2713 432 2803 Fragmentum
454 2718 617 2804 quattuor
640 2710 800 2784 foliorum
821 2720 1023 2804 tegumento
1049 2711 1128 2784 libri
1153 2712 1352 2806 agglutina-

133 2834 226 2899 tum.
246 2828 416 2900 Deformis
432 2827 627 2899 litterarum
639 2829 750 2900 forma
767 2835 929 2902 octavum
943 2827 1121 2901 saeculum
1139 2828 1350 2904 manifestat.

615 3131 790 3242 TABVLA
812 3131 875 3200 LX

179 3325 449 3400 Aneusrononr
472 3324 510 3396 in
528 3323 740 3414 Burgundio.
763 3323 948 3395 seminarii
970 3324 1089 3416 magni
1116 3323 1227 3396 codex
1255 3333 1293 3398 n⁰
1320 3325 1354 3404 t,

132 3436 194 3508 iol.
219 3437 282 3510 128
304 3455 313 3508 :
339 3439 571 3531 Euangelium
590 3439 783 3512 secundum
799 3443 956 3512 Marcum
973 3441 1066 3525 XIII,
1087 3439 1207 3508 12-22.

665 3631 840 3706 unarum]

282 3775 418 3836 affioient
429 3789 502 3850 eos;
517 3783 549 3834 et

281 3874 367 3931 eritis
381 3873 452 3932 odio
466 3889 531 3932 om-

280 3971 373 4029 nibus
386 3977 511 4046 propter
524 3987 580 4030 no-

280 4084 354 4127 men
367 4084 483 4128 meum.
499 4070 558 4137 Qui
571 4083 626 4128 au-

281 4173 343 4225 tem
357 4167 544 4226 sustinuerit

281 4279 379 4337 usque
392 4266 426 4322 in
440 4263 534 4321 finem
548 4264 601 4322 hio

280 4363 388 4420 salvus
402 4363 470 4419 erit.
541 4363 584 4419 VI

253 4449 334 4519 Cum
348 4465 454 4517 autem
465 4458 608 4516 videritis

280 4556 544 4615 abominationem

281 4653 482 4712 desolationis
497 4668 526 4711 s-

280 4757 398 4810 tantem
412 4751 468 4810 ubi
482 4765 546 4809 non

847 3775 1071 3835 vestimentum
1085 3787 1180 3834 suum

792 3875 822 3930 Π
847 3874 910 3930 Vae
924 3878 1030 3931 autem
1044 3886 1133 3948 preg-

845 3969 994 4031 nantibus
1005 3974 1037 4026 et
1048 3970 1150 4027 nntri-

846 4067 972 4124 entibuo
993 4067 1111 4124 inillis
1130 4067 1249 4126 diebus.

774 4165 817 4221 VI
844 4165 935 4222 Orate
948 4179 1022 4223 vero
1036 4170 1073 4221 nt
1087 4163 1156 4224 hie-

844 4277 914 4319 moe
929 4277 993 4321 non
1006 4261 1095 4322 fiant.
1148 4265 1178 4321 Π

844 4361 944 4418 Erunt
956 4363 1042 4420 enim
1055 4363 1089 4420 in
1103 4362 1213 4421 diebus

844 4457 909 4515 illis
922 4459 1139 4518 tribulationes

845 4557 923 4614 tales
937 4559 1047 4630 qrrales
1060 4573 1124 4615 non

844 4652 974 4712 fuerunt
987 4654 1026 4712 ab
1041 4656 1135 4713 inioio

845 4755 986 4808 creature
1000 4766 1095 4825 quam
1110 4765 1185 4812 oon-
