3082 5386
581 401 733 450 onmis
753 400 948 450 somnust.

330 575 411 634 vm.
451 579 524 647 post
537 570 699 631 modicum
713 577 841 645 tempus
854 570 979 631 videbis
1056 598 1059 603 ·

458 676 605 744 parntes
619 675 701 728 tuos.

316 771 413 828 vnn.
454 783 655 842 pammasses
669 769 703 826 in
716 768 854 826 civitate.

372 869 414 926 Χ.
456 868 485 925 si
499 867 633 938 instans,
648 866 851 939 consequeris
864 866 1000 923 honores

458 964 515 1023 sed
528 970 560 1022 et
575 963 786 1022 infamaveris.

361 1065 418 1122 xl.
459 1062 541 1121 bene
555 1062 613 1120 tibi
627 1066 686 1132 est,
702 1060 829 1134 utquid
843 1061 978 1134 patriam

459 1166 548 1218 tuam
562 1158 745 1218 desiderant

343 1261 414 1318 ΧΠ.
456 1258 557 1316 habes
571 1259 605 1316 in
623 1257 697 1315 ian's
710 1256 844 1330 patriam
855 1262 945 1316 tuam
959 1256 1075 1316 videre.

390 1403 417 1458 1.
457 1415 606 1459 succurre
621 1398 678 1457 tioi
693 1413 734 1456 ne
747 1399 990 1472 praesignantur

459 1499 544 1556 bona
556 1503 623 1556 tua.

365 1599 418 1654 ἸΙ.
459 1595 642 1653 liberaberis
656 1609 675 1652 a
687 1593 774 1665 fisco,
789 1593 847 1652 sed
859 1595 1068 1667 potamicum
1082 1601 1188 1655 tuum.

367 1697 423 1752 111.
463 1694 547 1751 bona
560 1698 609 1751 est
623 1692 749 1750 fortuna
765 1698 821 1750 tua
832 1691 967 1750 sednon
982 1697 1057 1751 tota.

351 1794 424 1850 1111.
462 1792 516 1848 vix
530 1790 733 1864 consequeris
748 1790 917 1848 obsonium

461 1903 556 1962 quem
570 1889 620 1946 vis
634 1887 785 1959 accipere.

379 1988 420 2044 V.
460 1986 594 2059 accipies
608 1985 760 2043 salarium
775 1986 809 2042 in
822 1989 983 2057 perpetuo.

362 2087 417 2144 VI.
456 2086 592 2157 accipies
607 2084 725 2156 pignus
739 2081 796 2140 sed
810 2096 875 2140 non
888 2097 963 2140 eum
976 2081 1108 2142 invidia.

349 2184 417 2242 VII.
458 2181 511 2242 adi
521 2180 675 2256 judicem,
690 2181 767 2253 quia
779 2178 907 2252 expedit
920 2179 988 2238 tihi.

330 2282 414 2341 VIII.
453 2280 511 2339 filii
526 2281 574 2340 tui
588 2285 620 2337 te
633 2278 815 2338 desiderant
828 2283 861 2335 et
875 2283 912 2336 tu
926 2276 967 2335 ad
980 2277 1052 2335 illos

459 2378 574 2437 festina
586 2376 751 2436 etvidebis
765 2375 848 2435 filios
862 2382 935 2434 tuos
947 2379 1021 2433 ante
1034 2379 1074 2433 te.

205 2555 321 2627 Codex
348 2553 596 2648 palimpsestus
621 2574 668 2624 ex
693 2563 770 2624 octo
796 2555 949 2647 antiquis
977 2554 1076 2626 libris
1103 2554 1381 2626 consarcinatus.

160 2672 211 2744 Gi.
231 2670 502 2761 descriptionem
520 2691 542 2741 a
560 2669 745 2742 Scherrero
765 2678 927 2742 accurate
946 2671 1074 2742 iactam
1093 2671 1132 2741 in
1154 2671 1384 2741 Verzeietniss

162 2789 223 2858 der
245 2784 514 2874 Hondscltristen
538 2786 600 2855 der
622 2786 908 2878 Stiststibliotlrek
926 2810 993 2856 von
1019 2791 1071 2860 St.
1109 2787 1252 2873 Gallen,
1282 2787 1386 2857 Haila

164 2905 264 2991 1875,
284 2928 319 2998 p.
341 2905 401 2975 381
424 2926 501 2996 sqq.
527 2905 622 2973 Inter
640 2902 802 2994 antiquos
821 2910 943 2973 textus
961 2924 1049 2995 quos
1064 2903 1201 2976 scribae
1220 2923 1316 2975 saec.
1337 2907 1388 2974 IX

163 3022 305 3093 abluere
328 3027 550 3092 tentaverant
574 3017 756 3089 invenitur
772 3018 919 3089 Flavius
944 3019 1174 3090 Merobaudes
1195 3018 1281 3110 (vid.
1298 3024 1388 3091 Zan-

165 3137 352 3230 gemeistar
369 3133 660 3219 etWattenbach,
681 3133 852 3224 Exemplo
869 3133 944 3205 eod.
966 3135 1044 3220 let,
1064 3135 1137 3205 tab.
1157 3136 1228 3227 LI).

210 3254 364 3344 Paginas
389 3253 431 3322 32
457 3251 620 3343 impletas
640 3251 783 3342 «nugis
811 3250 855 3320 de
882 3248 1100 3322 divinatione
1127 3272 1173 3323 ex
1200 3252 1388 3322 somniis»

167 3368 379 3440 Niebuhrius
397 3365 614 3458 neglexerat,
635 3367 769 3458 primus
791 3362 998 3436 Fredericus
1024 3364 1197 3438 Bricheler
1214 3367 1252 3436 in
1270 3368 1391 3439 Indice

168 3483 276 3557 schol.
297 3483 420 3553 aestiv.
442 3483 618 3552 Bonnensi
637 3502 694 3551 an.
717 3481 814 3564 1877,
836 3502 869 3572 p.
889 3479 931 3550 13
958 3503 1037 3574 sqq.
1061 3482 1240 3568 tractavit,
1262 3482 1391 3554 deinde

169 3603 394 3671 Hermannus
420 3595 621 3668 winnefeld
638 3595 693 3664 =in
730 3595 975 3666 dissertatione
1006 3598 1119 3666 Sortes
1151 3597 1391 3687 Sonqollenses

171 3713 320 3783 ineditae
339 3712 504 3803 (Bonnae,
525 3710 624 3802 1887)
641 3716 731 3780 totas
746 3716 918 3800 quantum
932 3710 1089 3781 condicio
1106 3710 1393 3783 membranarum

172 3828 396 3925 permittebat
413 3827 515 3898 eruit.
530 3830 602 3897 Eae
621 3831 732 3895 sortes
750 3823 909 3916 ejusdem
927 3826 1068 3915 generis
1091 3835 1176 3897 sunt
1200 3847 1242 3897 ac
1267 3849 1396 3919 graeca

174 3942 440 4038 Astrampsychi
457 3941 608 4012 oracula.
1071 3939 1074 3942 ’

218 4060 397 4151 Scriptura
419 4057 559 4128 saeculo
581 4055 730 4148 septimo
754 4054 900 4128 exeunti
922 4054 1110 4128 tribuenda
1126 4063 1194 4143 est,
1220 4064 1260 4128 ut
1288 4058 1397 4131 etiam

176 4174 345 4266 reliquiae
357 4172 496 4266 Vegetii
509 4171 760 4272 juxtapositos.

225 4352 405 4446 Scriptura
422 4350 591 4444 posterior
611 4373 619 4422 :
644 4347 781 4420 Glossoe
799 4347 950 4440 (saeculo
968 4369 1061 4422 nono
1078 4347 1271 4441 incipiente
1290 4353 1399 4446 scrip

155 4549 163 4559 ‚
181 4472 265 4564 tae).

305 4599 407 4675 pudor
528 4598 718 4660 verecundia

307 4712 459 4772 puerpera
472 4695 587 4758 dicitur
600 4713 682 4773 quoe
693 4696 831 4772 primum
843 4699 968 4769 partum
980 4708 1112 4766 pueram
1126 4703 1258 4769 generat
