3082 5386
133 569 230 627 videte
245 568 324 642 quid
338 567 499 641 incidant;

134 683 200 725 nam
214 667 242 724 si
256 668 336 725 haec
350 672 510 740 tamquam

134 779 167 821 ex
179 764 308 836 paribus
318 769 446 836 sumpta

133 868 177 919 est
188 864 368 934 conparatio
377 862 398 934 ¹,
413 868 446 921 et

133 959 204 1017 haec
219 965 369 1032 quattuor
383 958 415 1016 id

133 1060 177 1113 est
193 1058 309 1115 mulier
322 1058 371 1114 vir
385 1056 524 1116 Christus

133 1159 161 1210 ot
176 1156 257 1212 Deos
272 1156 364 1227 quasi
379 1154 419 1212 ad
430 1156 528 1213 unius

132 1250 231 1324 adque
244 1250 389 1325 ejusdem

133 1352 260 1405 naturae
276 1349 460 1407 similitudi-

133 1458 202 1501 nem
216 1449 454 1517 conparantur².

111 1531 184 1614 Ergo
198 1540 315 1600 muller
327 1548 359 1600 et
372 1543 454 1601 Deus

132 1642 233 1698 unus⁸
249 1641 402 1713 incipient
415 1656 485 1699 esse

534 397 671 447 sterllto
692 398 853 448 samum.
921 412 924 419 ·

761 583 836 626 nam
850 567 935 641 quod
950 567 1046 626 distat
1055 569 1089 626 in

761 665 878 738 sexnlsl
894 671 962 738 est;
976 681 1052 724 cum
1065 681 1139 724 vero

762 765 844 821 inter
855 763 1008 823 Christum
1023 769 1055 821 et
1066 765 1164 821 Deum

762 866 881 934 patrem
896 875 992 918 sexus
1006 875 1070 919 non

763 959 961 1029 interveniat,
975 957 1060 1031 quod

764 1071 866 1114 unum
880 1057 962 1111 inter
976 1054 1078 1112 filium

764 1162 794 1212 et
808 1159 928 1226 patrem
942 1155 976 1210 in
988 1159 1080 1211 natu-

765 1267 799 1310 ra
812 1256 861 1308 est
873 1251 1074 1323 fatebuntur;

765 1347 850 1423 quod
865 1347 1026 1405 divorsum
1038 1349 1073 1405 in

767 1460 846 1503 sexu
860 1451 908 1503 est
922 1446 1061 1517 denega·

766 1543 857 1600 bunt.
872 1544 1018 1600 Placetne
1033 1543 1095 1600 ista

766 1639 905 1697 divisio?
920 1654 960 1696 an
974 1639 1151 1698 mulierem.

143 1897 260 1969 Codex
296 1918 402 1989 quem
437 1898 523 1967 mihi
568 1897 778 1968 monstravit
821 1919 879 1967 an.
918 1897 1003 1967 1889
1039 1895 1316 1967 humanissimus

106 2013 248 2085 Archivo
267 2014 485 2107 praepositus
499 2015 685 2085 Anselmus
700 2014 849 2099 Achata
868 2012 982 2085 adhuc
999 2013 1143 2104 ignotus
1161 2012 1312 2085 videtur.

81 2332 84 2341 '
145 2227 177 2295 2⁰
194 2202 386 2299 Bororvnn
404 2243 649 2300 sperentur.
665 2228 901 2300 Bibliothecae
918 2228 1069 2299 civitatis
1084 2226 1193 2299 codex
1203 2236 1240 2296 n⁰
1256 2225 1313 2312 32,

107 2340 157 2412 iol.
176 2342 219 2413 lt
237 2350 275 2413 v⁰
292 2359 300 2410 :
316 2342 533 2430 Ambrosius,
554 2345 594 2413 de
613 2345 834 2430 Potriorcdt‘s,
851 2344 912 2415 fin.
934 2343 1029 2415 etde
1048 2342 1278 2429 Paenitentia,
1299 2345 1314 2412 l

108 2455 243 2549 [lligna
263 2460 356 2543 XIV,
377 2457 441 2529 728
461 2466 497 2539 et
514 2460 607 2552 laet.

289 2643 362 2703 fidei
376 2648 500 2706 novella
512 2648 666 2720 plantaria
679 2647 812 2721 ideoque
828 2648 919 2722 quasi
933 2647 1038 2705 honus

289 2744 424 2816 agricola
438 2743 517 2802 dixit
533 2763 540 2802 ι
556 2760 614 2819 ego
629 2747 779 2818 plantavi,
794 2745 906 2818 Apollo
928 2745 1053 2818 rigavit.

290 2866 431 2924 Exrttctt
448 2870 499 2926 DE
516 2869 754 2928 PATRIAGHIS.
775 2869 895 2943 ltlctptt
915 2869 1136 2927 TRACTATVS

291 2965 435 3039 EPiscopI
444 2966 614 3026 AMBROSI
622 2969 674 3025 DE
681 2967 939 3027 PAENITENTIA
948 2968 1136 3026 FILICITER

293 3087 324 3144 Si
338 3095 448 3146 vatum
462 3088 535 3147 finis
548 3090 602 3148 ille
616 3095 665 3146 est
679 3091 837 3148 maximus
852 3091 907 3163 qui
922 3091 1071 3161 plurimo-

293 3201 364 3244 rum
378 3191 499 3259 spectat
511 3187 695 3260 proiectum,
711 3188 883 3246 moderatio
896 3203 992 3261 prope

294 3285 437 3341 omnium
451 3284 663 3356 pulcherrima
677 3291 726 3343 est
740 3300 821 3358 quae
835 3301 875 3343 ne
890 3288 978 3357 ipsos

295 3381 423 3454 quidem
438 3395 517 3453 quos
532 3381 661 3439 damnat
675 3381 805 3441 offendit
816 3390 848 3440 et
862 3399 942 3456 quos
954 3382 1041 3440 dam-

295 3480 416 3536 naverit
429 3478 566 3552 dignus*
580 3481 660 3537 solet
673 3479 773 3539 lacere
788 3470 999 3541 absolutione.

180 3649 184 3656 Ι
296 3577 437 3650 Denique
450 3577 516 3635 sola
529 3581 578 3634 est
592 3592 672 3649 quae
685 3578 808 3635 Domini
824 3581 999 3652 quaesitam
1014 3594 1081 3639 san-

298 3678 395 3748 guine
408 3677 556 3735 eclesiam
569 3677 786 3749 propagaverit
799 3677 952 3734 imitatrix

297 3773 442 3833 beneficii
455 3775 598 3832 caelestis
611 3780 642 3831 et
655 3773 879 3847 redemptionis
895 3776 966 3832 uni-

298 3886 460 3930 versorum
473 3871 632 3944 salubrils)
645 3870 708 3929 fine
722 3887 756 3930 se
777 3877 956 3942 temperans

299 3985 395 4043 quem
407 3969 484 4028 terre
498 3970 622 4043 possint
633 3984 726 4027 aures
740 3970 918 4043 hominum,
935 3984 1026 4029 men-

301 4073 348 4125 tes
362 4082 427 4124 non
441 4067 592 4140 refugere,
607 4082 672 4125 non
686 4082 798 4139 pavere
813 4069 912 4126 animi
924 4082 932 4141 ;
947 4071 1064 4127 etenim

301 4164 356 4238 qui
371 4163 478 4223 studet
490 4165 649 4223 humanae
663 4164 855 4224 infirmitatis
869 4181 974 4224 emen-

148 4385 171 4437 1.
190 4385 267 4436 corr.
281 4386 456 4449 comparatio.

148 4474 172 4525 2.
190 4473 265 4524 Gorr.
280 4477 483 4539 comparantur.

148 4562 173 4615 3.
190 4561 267 4614 Oorr.
281 4561 372 4613 unius.

149 4651 173 4703 t.
190 4651 268 4703 Gorr.
283 4650 387 4716 dignos.
