3082 5386
160 411 219 478 itt
545 427 776 478 emunctoris
796 423 984 476 conrnune.

163 619 250 688 qnos
277 597 465 671 leudefrec
499 627 531 685 »,
563 627 581 664 «
613 598 805 692 Virg[ilius]
835 615 844 668 :
871 600 1027 690 Cumque
1053 596 1154 691 cupis
1179 595 1304 688 perduc

161 715 271 786 vitam
295 741 326 801 a,
348 724 413 788 ele.
700 728 705 744 '

575 1078 749 1150 rtuvtd
779 1079 952 1149 LXXVIII

205 1331 392 1400 Bsnonuu.
413 1324 646 1400 Bibliothecae
665 1326 783 1418 regiae
801 1325 911 1398 codex
928 1326 989 1397 lat.
1011 1325 1074 1398 titt
1096 1324 1198 1418 (inter
1225 1323 1305 1397 Phil

163 1444 259 1537 picos
278 1443 391 1533 titt),
420 1441 479 1512 sol.
506 1441 544 1513 tt
574 1454 633 1512 v⁰:
663 1446 732 1512 Leo
758 1446 911 1512 nomana
943 1441 1191 1534 Visiqotdorum
1222 1442 1291 1531 [ed.

158 1560 305 1645 Hacnel,
326 1557 551 1652 pito-1021.

261 1763 525 1823 committendum
538 1762 595 1822 sad
608 1777 707 1838 usquc
721 1762 761 1822 ad
774 1761 942 1836 perfectam
954 1767 1090 1822 aetatem

263 1862 350 1921 omni
369 1863 549 1935 integritate
562 1867 727 1921 serventur
744 1863 779 1919 in
790 1862 921 1934 reliquls
935 1861 1027 1920 rehtu
1041 1859 1133 1934 profi·

263 1961 366 2019 ciente
380 1958 555 2033 diligentia,
570 1974 645 2017 nam
658 1960 687 2018 si
699 1961 837 2017 minores
851 1960 921 2033 ejus
935 1959 1102 2018 facultates

264 2063 342 2117 sunt
355 2061 392 2119 ut
406 2073 469 2116 ncn
482 2058 525 2116 sit
537 2058 761 2130 patrimonium
775 2058 839 2115 illis
857 2062 890 2114 at
907 2056 1125 2116 tantummodo

264 2155 446 2214 substantia
459 2155 493 2212 in
506 2155 598 2214 rebus
610 2154 779 2213 movilibus
794 2155 964 2228 invenitur,
981 2155 1083 2213 sciant

265 2257 386 2312 tutores
398 2253 458 2311 sibi
473 2267 543 2311 essa
556 2254 747 2326 permissum
760 2257 798 2311 ut
811 2251 946 2310 vendere
959 2259 1166 2324 praesumant

266 2351 395 2409 movilia
409 2356 441 2408 et
454 2365 545 2424 agros
557 2365 723 2423 conparare
737 2355 775 2408 ut
787 2350 963 2408 minoribus
977 2351 1012 2408 in
1026 2365 1064 2408 ca
1076 2365 1144 2422 par-

271 2452 303 2505 ta
318 2449 521 2520 prospiciant.
540 2448 571 2507 Si
585 2462 658 2506 vero
671 2462 735 2505 non
749 2453 797 2506 est
810 2446 966 2522 ejusmodi
980 2449 1160 2507 substantia

270 2546 357 2603 unde
371 2544 535 2618 praedium
548 2551 745 2617 comparetur
757 2545 840 2603 hanc
854 2545 1008 2618 J'ubentur
1021 2545 1116 2604 habe-

267 2660 301 2703 re
316 2643 515 2718 diligentiam
529 2649 566 2701 ut
577 2644 711 2716 pecunia
724 2644 889 2716 colligatur
901 2648 934 2700 et
947 2657 1082 2714 conpen-

268 2741 330 2800 diis
350 2755 518 2799 usurarum
531 2746 588 2798 aut
602 2739 790 2812 quibmlihet
803 2740 874 2798 aliis
887 2739 979 2797 rebus
993 2740 1195 2800 commodum

271 2845 308 2898 ut
322 2840 386 2897 illis
399 2838 576 2911 adquirant,
589 2843 645 2895 aut
658 2839 686 2895 si
700 2838 777 2896 ioris
792 2839 930 2895 tenuitas
950 2837 1147 2896 substantiae

271 2938 341 3008 erit,
355 2936 468 2993 exinde
482 2937 569 2993 salva
582 2950 614 2992 ra
627 2936 758 3007 pupillis
772 2935 950 2993 substantia
967 2936 1123 2993 ministre-

272 3040 337 3101 tur,
353 3039 385 3092 et
398 3035 426 3092 si
439 3035 483 3091 ita
493 3033 626 3107 egerint,
641 3047 660 3090 a
673 3037 776 3092 tutore
790 3033 932 3106 pupillus
945 3047 1010 3091 non
1024 3034 1083 3091 crit

272 3132 476 3204 quaesiturus
489 3145 629 3189 usuram.

455 3370 586 3444 Explicit
599 3372 678 3430 noer
690 3373 744 3430 111.
764 3370 876 3444 nupt
888 3372 966 3430 noer
979 3373 1047 3430 nn.

175 3558 199 3616 1.
214 3556 332 3616 Titulus
346 3556 385 3615 de
399 3558 534 3616 cretione
547 3561 598 3617 vel
611 3559 765 3617 honorum
776 3560 985 3642 possessione.

175 3659 276 3729 impp.
296 3653 487 3713 Theudosius
501 3661 532 3714 ct
543 3657 776 3714 Valentina'cous
786 3657 848 3715 ΛΑ.
864 3657 904 3713 ad
914 3661 1068 3714 senatum.
1082 3659 1155 3716 Post
1166 3657 1246 3717 alia:
1263 3673 1305 3730 pa

282 3755 388 3826 aliqua
400 3769 439 3812 ex
451 3760 539 3827 parte
551 3756 704 3814 minorem
715 3770 785 3813 esse
799 3756 949 3814 matribus
963 3770 1027 3813 non
1040 3757 1122 3814 sine-

283 3866 355 3909 mus
369 3863 377 3923 ;
392 3867 466 3909 nam
480 3869 553 3911 cum
567 3855 662 3911 etiam
676 3854 806 3912 infantis
820 3853 877 3911 filii
891 3854 1053 3912 morientis
1067 3868 1132 3911 ma-

285 3957 331 4009 ter
344 3951 499 4009 bonorum
513 3952 628 4008 solacia
646 3955 864 4025 consequatur,
880 3964 936 4008 cur
949 3951 988 4007 dc
1006 3955 1088 4008 aets-

283 4055 314 4106 to
328 4049 398 4122 ejus
411 4055 499 4120 pater
512 4063 623 4122 graves
631 4045 768 4120 patiatur
781 4047 958 4107 tendiculas
972 4064 1035 4106 non
1047 4049 1093 4104 vi·

285 4147 407 4219 domus,
423 4152 540 4205 etcum
554 4147 695 4220 legitima
709 4148 866 4206 successio
880 4161 943 4204 non
958 4145 1050 4204 modo
1065 4147 1100 4204 in
1113 4160 1180 4204 ma·

285 4249 331 4303 tre
344 4246 564 4303 verumetiam
582 4245 616 4302 in
630 4244 862 4304 successoribus
879 4245 1007 4318 longius
1026 4245 1142 4302 consti-

285 4343 373 4415 tutis,
389 4359 452 4401 non
466 4343 619 4401 honorum
633 4345 840 4416 possessionis
854 4322 1014 4415 petitione,
1030 4357 1094 4401 non
1108 4358 1171 4402 cre·

284 4442 381 4500 tionis
394 4442 604 4500 sollemnitate
619 4444 741 4516 cogitur
754 4441 911 4501 custodire
925 4443 1026 4514 quali-

285 4551 417 4614 cumque
431 4545 577 4599 ccntenta
590 4540 692 4600 aditae
703 4542 754 4600 vel
767 4539 931 4600 adeundae
945 4539 1066 4599 heredi·
