3082 5386
552 391 688 440 amnuo
709 387 864 439 rancone.
1255 368 1315 434 tta

139 561 307 632 Codicem
326 581 372 631 ax
391 559 538 631 ecclesia
553 561 778 653 Lugdunensi
792 567 954 644 tractum,
975 558 1057 628 olim
1075 557 1311 628 claromonta-

66 690 190 746 num
213 677 262 768 (in
290 675 437 768 collegio
463 675 651 747 Parisiensi
678 678 713 746 S.
742 679 775 745 J.
806 691 843 746 n⁰
862 674 953 767 611),
973 682 1094 766 postea
1120 672 1314 744 Mermanui

68 785 181 878 599,
201 789 505 863 Middlehillanum
537 790 636 877 1761,
665 789 953 862 atlheltenhamo
980 809 1061 859 cum
1089 788 1208 859 multis
1237 787 1315 858 aliie

74 903 258 978 Thomae
292 906 464 999 Phillipps
490 905 666 976 codicibus
685 907 870 998 acquisivit
894 904 1109 978 Bibliotheca
1131 904 1317 996 0031οΒ0-

74 1022 294 1094 rolineneie
313 1029 349 1094 et
367 1022 551 1115 descripsit
567 1022 772 1093 Valentinus
791 1026 894 1093 Rosa.

148 1138 262 1209 Multa
279 1138 322 1209 de
349 1158 390 1209 eo
409 1137 502 1230 apud
519 1137 730 1209 Guilelmum
747 1136 890 1222 Haenal,
912 1156 968 1229 op.
994 1134 1022 1206 l.
1057 1155 1091 1227 p.
1111 1152 1199 1206 xum
1228 1157 1309 1228 sqq.

85 1254 171 1326 ubi
190 1253 335 1325 dimidia
354 1253 480 1345 pagina
498 1252 673 1324 delineata
692 1260 757 1324 est.

151 1370 403 1452 Quaternionas
417 1370 455 1438 in
469 1369 598 1460 angulo
611 1369 733 1441 dextro
742 1367 885 1439 ultimae
898 1368 1048 1461 paginae
1062 1374 1291 1438 numerantur
1309 1384 1317 1441 τ

84 1483 154 1556 III
175 1487 245 1576 (101.
269 1486 370 1576 801),
390 1486 472 1556 XIII
489 1484 559 1576 (101.
580 1484 619 1555 81
640 1484 702 1575 v0),
723 1486 820 1554 XIIII
838 1483 893 1574 (92
911 1483 973 1574 01),
993 1486 1058 1553 XV
1077 1483 1154 1574 (166
1172 1483 1237 1575 v0),

95 1603 192 1672 XLI
211 1602 285 1696 (301
307 1600 370 1689 01).

154 1717 332 1791 Nonnulla
358 1734 483 1786 manus
508 1714 743 1805 merovingica
773 1715 905 1786 cursim
939 1714 1087 1801 addidit,
1120 1735 1151 1786 e.
1173 1736 1207 1806 g.
1245 1713 1319 1806 (101.

95 1833 153 1904 91
176 1835 223 1927 v0)
245 1857 253 1906 :
275 1859 294 1898 «
314 1833 380 1905 Η10
399 1831 443 1904 de
456 1831 536 1923 jure
550 1829 747 1902 addendum
759 1851 846 1923 quae
862 1831 908 1902 sit
926 1851 1039 1924 poena
1057 1830 1232 1923 sacrilegii
1248 1858 1280 1900 o.
1377 1832 1381 1840 '

551 2172 727 2243 TABVLA
747 2173 896 2242 LXXIX

163 2413 302 2483 Roman.
326 2409 562 2481 Bibliothecae
579 2408 768 2480 Vaticanae
787 2410 898 2480 codex
923 2407 983 2482 lat.
1008 2409 1133 2501 Regin.
1163 2408 1318 2496 111101.

129 2523 203 2595 itt:
223 2526 442 2618 Fulgentius,
464 2525 513 2594 ad
530 2525 910 2618 Trasimucdumreqcm
928 2525 1170 2612 Vacdaloram,
1189 2525 1251 2598 lib.
1263 2527 1323 2610 ΙΙΙ,

133 2663 156 2713 0.
174 2646 231 2717 5-6
251 2647 392 2738 [Idigue,
413 2647 517 2732 LXV,
534 2645 603 2735 272
622 2645 702 2737 sq.].

197 2861 254 2920 1110
266 2875 361 2920 verus
374 2861 455 2918 Deus
470 2865 502 2918 et
515 2861 581 2919 vita
594 2867 729 2934 aeterna,
746 2875 820 2919 cum
832 2861 867 2919 in
880 2859 979 2920 forma
990 2861 1046 2919 Dei
1059 2875 1107 2920 ee·

225 2963 282 3032 set,
297 2973 361 3016 non
375 2959 516 3030 rapinam
529 2959 698 3018 arbitratus
712 2974 781 3018 0000
797 2974 831 3018 00
845 2960 1008 3032 aequalem
1022 2961 1085 3018 Deo

227 3057 434 3128 semetipsum
448 3058 631 3131 exinanivit,
647 3057 778 3116 formam
789 3059 871 3116 servi
887 3060 1043 3131 accipiens
1058 3070 1067 3131 ;

228 3154 450 3228 aequalitatem
462 3155 547 3213 enlm
560 3156 613 3212 Dei
627 3157 692 3213 veri
706 3157 787 3214 Deus
800 3171 894 3215 verus
908 3172 971 3214 non
986 3158 1091 3229 rapuit

229 3266 324 3324 quam
334 3253 457 3310 unitate
471 3255 606 3312 naturali
621 3255 832 3326 sempiternus
845 3269 919 3313 cum
933 3256 1053 3328 genito

229 3364 261 3407 re
274 3348 423 3422 possedit.
531 3351 648 3410 Idcirco
659 3354 846 3427 unigenitus
859 3354 914 3410 Dei
929 3352 1023 3427 filius,
1039 3355 1135 3412 etiam

230 3447 354 3520 quando
368 3448 499 3506 formem
512 3451 594 3508 servi
604 3452 760 3522 accipiens
775 3452 982 3524 semetipsum

230 3547 412 3619 exinanivit,
427 3548 541 3618 plenus
556 3549 674 3621 gratiae
687 3550 890 3623 veritatisque
910 3565 1053 3622 perman-

231 3644 285 3702 sit.
303 3644 464 3718 VidemuS,
481 3646 585 3718 inquit
598 3647 767 3719 Iohannes,
781 3649 911 3722 gloriam
925 3648 1004 3721 ejus,
1024 3648 1156 3722 gloriam

230 3744 320 3815 quasi
334 3744 493 3816 unigeniti
505 3759 523 3802 a
534 3750 630 3817 petre,
646 3747 776 3817 plenum
791 3747 907 3820 gratiae
923 3745 974 3824 [et]
990 3749 1102 3806 verita·

231 3841 280 3898 tis.
296 3842 361 3900 Hoc
374 3845 423 3898 est
440 3843 552 3914 utique
564 3842 649 3916 quod
659 3844 694 3900 in
708 3859 772 3901 uno
785 3843 957 3918 eodemque
979 3846 1124 3917 semetip-

231 3952 302 3996 sum
316 3940 516 3997 exinaniente
530 3944 562 3998 et
575 3941 666 4012 pleno
679 3943 796 4015 gratiae
814 3943 867 4016 [et]
882 3944 1032 4016 veritatis,
1048 3959 1156 4015 accep-

230 4042 262 4092 ta
275 4037 356 4094 servi
368 4036 467 4095 forma
480 4037 643 4097 veritatem
657 4042 852 4099 voluntariae
871 4056 999 4114 prorsus

230 4133 453 4193 exinanitionis
466 4135 616 4194 ostendit.
635 4139 671 4194 In
686 4152 748 4210 quo
762 4144 888 4198 aeterna
902 4155 1023 4213 perma-

230 4244 309 4289 nens
322 4233 377 4289 Dei
391 4231 490 4291 lorma
502 4234 734 4305 plenitudinem
748 4239 864 4310 gratiae
873 4239 1032 4298 veritatis·

233 4341 294 4400 que
308 4332 506 4389 monstravit.

205 4423 289 4492 Quae
301 4430 350 4484 est
362 4427 461 4501 igitur
471 4430 526 4489 illa
538 4432 695 4506 unigeniti
709 4434 890 4507 exinanitio,
905 4435 968 4494 nisi
983 4451 1086 4510 accep

232 4525 436 4595 capessibilis
450 4533 482 4584 et
495 4531 636 4588 mortalis
650 4529 832 4590 humanitas
847 4531 980 4592 Christi?
993 4550 1074 4608 quac
1137 4575 1140 4579 ι

232 4625 338 4680 autem
352 4628 401 4681 est
414 4625 572 4699 unigeniti
584 4628 748 4701 plenitudo
762 4631 825 4689 nisi
839 4645 1026 4703 permanens
