3082 5386
153 394 211 447 ΠΙ
663 394 856 445 eustratio.

156 593 286 683 ginaiia
313 592 489 685 pleraque,
514 593 680 685 imprimis
704 594 892 683 imgmeutu
921 613 1009 683 quae
1033 590 1303 683 repraesentari
1332 590 1385 660 iric

158 736 341 822 voluimus,
363 736 527 828 temporis
545 736 705 825 injuriam
724 737 771 803 ita
789 756 890 827 passa
909 756 984 803 esse
1003 740 1041 802 ut
1062 732 1263 826 aliquando
1294 732 1386 803 litta-

158 898 217 948 raa
236 878 400 947 evanidas·
421 878 465 947 ab
482 878 685 946 flavescente
706 878 907 947 membrana
924 898 1027 965 aegre
1046 876 1314 945 discamantur.

202 1020 243 1090 ln
283 1020 518 1113 explanatione
554 1019 748 1088 tabularum
785 1020 874 1089 hanc
915 1020 998 1088 mihi
1037 1018 1197 1107 regulam
1227 1020 1386 1113 imposui

159 1168 199 1233 ut
217 1164 332 1255 potius
351 1163 436 1255 quid
463 1164 572 1255 prima
596 1184 702 1231 manu
729 1168 902 1232 ensmtum
921 1164 965 1230 sit
983 1162 1271 1247 transcriberem,
1305 1184 1385 1233 oum

159 1328 201 1375 aa
218 1306 319 1375 lectio
337 1307 450 1398 potior
467 1305 623 1374 videatur
649 1306 693 1375 ad
720 1307 895 1395 ingenium
914 1305 1041 1375 codicis
1069 1306 1384 1394 maniicstandum,

160 1448 428 1518 correctionibus
455 1450 491 1516 in
518 1457 615 1517 notum
644 1450 828 1537 relegatis;
858 1454 893 1517 at
919 1450 1064 1541 tempori
1092 1468 1246 1541 parcens
1275 1454 1316 1519 ut
1343 1472 1385 1519 na

159 1591 333 1660 fastidium
363 1590 480 1660 lectori
499 1593 622 1660 nimiae
649 1598 750 1659 notae
786 1598 973 1675 moverent,
1003 1590 1172 1682 quidquid
1199 1594 1386 1683 posterius

161 1732 315 1802 additum
335 1740 387 1802 ast
404 1735 500 1802 uncis
520 1736 531 1823 [
573 1734 597 1821 ],
618 1732 785 1825 quidquid
805 1741 918 1802 autem
938 1739 1143 1825 expunctum
1164 1733 1224 1801 vel
1240 1756 1386 1807 erasum

161 1880 214 1945 cst
228 1876 469 1965 semicirculis(
491 1875 717 1965 >significavi
728 1876 888 1944 Ceterum
903 1878 930 1943 si
948 1877 1024 1967 quis
1043 1881 1151 1943 artem
1166 1876 1335 1949 criticam
1351 1882 1388 1949 in

159 2019 311 2108 singulas
330 2018 466 2087 tabulas
485 2039 642 2087 exercerc
661 2017 818 2101 volucrit,
835 2017 878 2085 ud
899 2038 957 2085 cas
971 2017 1137 2086 editiones
1155 2039 1250 2108 quas
1266 2024 1388 2093 notavi

159 2167 321 2232 recurrat.

261 2464 398 2537 Parisiis,
418 2464 475 2522 XV
492 2463 554 2523 kal.
575 2464 637 2522 tui.
659 2478 709 2521 an.
729 2462 898 2521 nuceum.
