3082 5386
584 383 736 433 ulterius
757 383 947 433 admorunt.

424 559 460 617 ti.
479 557 570 614 Valet
580 555 677 614 etlam
694 553 736 613 ad
748 553 833 613 hanc
845 553 1031 613 similitudi-

423 670 496 714 nem
510 653 596 728 quod
609 655 643 711 in
658 654 757 725 primo
769 653 885 724 populo
899 654 969 710 uni·

423 754 538 827 cuique
552 766 670 810 manna
683 750 860 810 secundum
875 750 1012 823 prop[ri·]

422 867 473 911 am
487 853 683 910 voluntatem
697 850 731 907 in
745 863 796 908 ore
810 848 985 922 sapieha[t].

202 1086 329 1154 Utrum
363 1083 476 1153 octavi
514 1104 560 1153 an
595 1080 732 1174 septimi
770 1079 901 1151 saeculi
937 1080 984 1150 sit
1019 1080 1259 1172 fragmentum
1289 1064 1367 1149 illud

161 1197 303 1272 difficile
328 1199 436 1272 dictu.
462 1201 623 1270 Fortasse
642 1205 760 1268 tamen
778 1196 914 1268 litterae
932 1198 959 1266 F
978 1203 1013 1268 et
1031 1198 1061 1266 R
1079 1197 1196 1288 potius
1214 1203 1370 1266 octavum

159 1315 319 1408 probant.

608 1648 811 1756 nauvias
834 1687 920 1755 um

199 1943 374 2014 Clauum.
395 1943 631 2017 Bibliothecae
650 1945 803 2016 civitatis
820 1945 897 2016 cod.
918 1954 955 2016 n⁰
974 1946 1017 2016 ltl
1038 1946 1133 2037 (olim
1152 1946 1200 2039 2),
1221 1946 1280 2016 iol.
1303 1947 1372 2022 57:

158 2057 358 2149 Gregorius,
387 2060 536 2129 Moralia
569 2060 606 2128 in
636 2061 711 2146 Jot,
746 2060 806 2131 lib.
839 2064 954 2145 XXX,
986 2062 1003 2130 t
1045 2062 1185 2152 [ltigue,
1218 2064 1373 2148 LXXVI,

156 2172 217 2244 521
233 2174 314 2265 sq.].

207 2395 392 2454 INtiiPit
451 2398 619 2456 LIBER
676 2398 1029 2458 TRIGDsIltVS.

208 2493 399 2552 Buarvs
429 2495 512 2553 JOB
545 2495 697 2555 rama
728 2497 937 2554 VTRVMne
973 2496 1018 2554 te-

210 2591 288 2660 cerit
299 2591 433 2651 Domino
447 2593 659 2666 interrogante
673 2594 873 2667 requiritur,
889 2595 996 2668 qualia

208 2690 320 2763 utique
335 2689 434 2750 iacere
448 2706 511 2749 nou
527 2696 630 2763 potest
642 2691 747 2764 homo,
763 2697 800 2750 ut
814 2691 891 2750 dum
906 2707 940 2750 se
954 2694 1016 2750 ista

209 2788 309 2848 lacere
322 2804 387 2847 non
399 2803 491 2861 posse
505 2788 740 2862 depraehendit,
757 2789 797 2847 ad
810 2806 886 2848 eum
899 2789 980 2848 reiu-

210 2888 276 2963 giat
288 2902 384 2961 quem
397 2889 501 2945 solum
516 2886 592 2944 talia
604 2889 680 2960 quia
694 2886 793 2945 lacere
807 2888 907 2959 possit
921 2889 1077 2962 intellegit

210 2992 302 3060 atque
316 2991 388 3044 ante
403 2986 511 3043 oculos
521 2983 639 3058 judicis
654 2985 706 3042 sui
720 2984 823 3058 magis
834 2990 947 3057 potens
962 2990 1119 3058 appareat,
1132 2988 1160 3043 si

209 3099 269 3144 sua
282 3084 389 3142 verius
402 3081 528 3140 infirma
542 3088 724 3156 cognuscat,
740 3082 826 3154 quod
844 3098 917 3156 ergo
931 3083 1009 3141 mire
1024 3098 1043 3140 a
1055 3084 1191 3142 Domino

209 3181 283 3239 flere
296 3195 361 3239 non
375 3182 547 3255 ignoratur,
563 3179 602 3238 de
616 3194 653 3238 eo
667 3178 776 3237 divina
788 3180 846 3238 Job
860 3194 936 3238 voce
949 3183 1127 3253 requiretur

209 3279 387 3353 diciturque
401 3280 430 3337 ei
446 3295 453 3334 :
468 3276 631 3351 Numquid
641 3277 781 3348 elevabis
795 3279 829 3336 ln
843 3279 961 3338 nebula
974 3293 1083 3337 vocem
1098 3283 1188 3337 tuam

209 3383 241 3436 et
253 3379 392 3450 impetus
404 3391 557 3450 aquarum
568 3376 686 3448 operiet
700 3380 731 3433 te
741 3377 756 3433 t
768 3377 884 3435 Vocem
896 3379 1013 3450 quippe
1028 3392 1120 3436 suam
1134 3378 1168 3434 in

208 3475 327 3534 nebula
339 3474 493 3533 Dominus
508 3475 601 3546 levat,
617 3474 743 3547 quando
758 3488 812 3546 per
825 3473 1074 3545 praedicatorum
1088 3489 1161 3533 suo·

208 3589 280 3633 rum
294 3573 421 3654 linguas
435 3570 475 3629 ad
494 3572 632 3644 caligosa
645 3571 737 3629 corda
750 3570 929 3630 infidelium
944 3573 1194 3630 exhortationem

209 3670 322 3728 format
335 3683 469 3742 eumque
480 3681 633 3739 aquarum
642 3668 782 3739 impetus
795 3669 904 3741 operit,
918 3668 996 3726 dum
1005 3669 1086 3727 hene
1099 3683 1192 3742 agen-

209 3768 253 3826 tia
266 3766 407 3826 membra
420 3766 490 3839 eJus
505 3765 597 3824 turha
610 3766 827 3825 resistentium
840 3768 1029 3839 populorum
1042 3781 1132 3838 prae-

208 3866 277 3924 mit.
293 3866 375 3923 Hinc
388 3874 437 3922 est
447 3865 533 3921 enim
548 3862 633 3937 quod
647 3864 871 3936 scriptumest,
887 3863 1005 3922 iactum
1019 3867 1087 3935 [cst]
1102 3855 1235 3922 verbum

207 3963 330 4022 Domini
340 3962 582 4034 adHyerimiam
589 3960 812 4023 dicens:Stain
820 3962 898 4020 atrio
905 3961 1018 4020 domus
1025 3962 1160 4034 Domini,
1172 3966 1205 4019 et
1214 3964 1321 4034 loque·

208 4062 252 4119 ris
266 4060 306 4118 ad
319 4074 429 4118 omnes
441 4059 579 4117 civitatis
592 4057 675 4119 Juda
686 4057 726 4116 de
744 4059 858 4132 quibm
873 4061 1009 4118 veniunt
1021 4065 1057 4118 ut
1070 4059 1201 4119 adorent

207 4161 242 4218 in
257 4158 349 4216 domo
360 4157 483 4214 Domini
497 4157 666 4215 universus
681 4170 840 4214 sermones
850 4171 931 4230 quos
944 4172 1003 4231 ego
1017 4157 1165 4216 mandavi
1179 4157 1247 4229 tihi,

208 4263 240 4315 et
253 4257 431 4330 paulopost
446 4273 453 4312 :
468 4261 501 4313 et
514 4254 685 4313 audierunt
698 4253 875 4312 sacerdotes
887 4255 1045 4328 prolatata)
1061 4259 1093 4314 et
1106 4270 1217 4313 omnes

208 4356 345 4428 populus
359 4354 553 4426 Hyerimtam
566 4354 749 4425 loquentem
762 4353 858 4410 verba
871 4352 950 4424 haec
963 4353 997 4410 in
1013 4352 1106 4410 domo
1120 4352 1255 4411 Domini.

208 4456 346 4526 Cumque
360 4451 532 4524 conplessit
558 4452 736 4525 Hyertmias
755 4451 888 4524 loquens
909 4449 1205 4522 adpraehenderunt
1224 4459 1318 4525 [eum]

208 4550 385 4610 sacerdotes
399 4555 431 4607 et
444 4549 580 4620 profetae
594 4553 626 4606 et
639 4562 749 4606 omnes
763 4550 901 4620 populus
915 4547 1024 4606 diceus
1040 4554 1160 4605 :morte

207 4649 367 4708 moriatur.
383 4647 483 4714 Quare
495 4644 661 4719 protelavit
674 4646 708 4702 in
722 4646 850 4704 nomine
862 4645 1010 4703 Domini?
1022 4646 1100 4704 Ecce
1114 4647 1148 4704 in
1162 4646 1266 4704 nebu-
