3392 5560
609 489 736 541 octavo
757 491 916 542 suopte.

338 662 438 734 Supra
447 663 482 720 in
496 663 664 722 transitum
678 662 734 722 661
746 663 839 722 nohis
852 664 1050 724 adversarius

372 765 577 832 proposuerat
590 761 787 820 Salomonem
803 763 1025 822 multinubum
1040 765 1096 838 qui

373 858 523 930 templum
536 859 591 916 Dei
600 858 747 932 extruxit,
759 859 951 934 strictimque
960 861 1180 934 responderam

372 960 410 1013 61
422 971 477 1027 per
488 956 685 1028 quaestionis
699 956 838 1030 reliquas
852 971 1021 1018 currerem.

336 1054 427 1112 Nunc
438 1067 478 1110 ne
492 1053 644 1125 clamitet,
658 1057 691 1111 et
704 1052 791 1110 hunc
805 1059 836 1111 et
850 1055 927 1113 alios
942 1055 976 1112 in
989 1056 1060 1130 lege

371 1149 539 1223 patriarcas
553 1151 722 1222 prophetas
737 1155 769 1207 et
783 1154 1009 1211 sanctosviros
1023 1169 1042 1212 a
1055 1169 1113 1212 no·

372 1249 423 1307 bis
441 1263 511 1307 esse
526 1253 703 1316 temeratos,
718 1263 890 1321 proponam
904 1251 982 1310 huic
995 1253 1059 1324 ipsi

372 1347 427 1420 qui
440 1347 558 1404 multas
572 1359 685 1404 uxores
699 1351 732 1403 et
744 1347 939 1406 concubinas
953 1347 1058 1408 habu·

582 1467 771 1546 apeme]
788 1471 836 1528 tu.

195 1689 370 1776 codicem,
397 1689 479 1760 olim
509 1689 856 1792 666666166616188,
886 1691 1041 1763 breviter
1063 1691 1249 1788 descripsit
1280 1698 1372 1770 Reii-

152 1804 447 1889 1666616616,Βὶ61.
469 1807 563 1874 Patr.
584 1804 645 1873 lat.
668 1803 760 1892 icat,
780 1805 808 1890 1,
827 1825 862 1896 p.
877 1805 941 1875 116
963 1827 1015 1898 sq.

196 1920 378 2013 Scriptura
408 1919 509 1992 nobis
540 1921 578 1990 in
610 1927 765 1990 mentem
795 1922 954 2012 suggerit
984 1921 1139 1994 codicem
1164 1924 1371 2020 Hieronymi

151 2033 432 2128 Pontificalisque
456 2035 551 2106 Libri
579 2039 774 2106 Lucensem
792 2034 875 2120 196,
897 2034 940 2105 66
958 2057 1027 2126 quo
1045 2037 1089 2108 ci.
1110 2041 1149 2108 L.
1171 2041 1367 2130 Duchcsne,

150 2154 195 2221 Le
213 2151 312 2222 Liber
327 2150 546 2244 pontificalis,
565 2152 593 2236 1,
615 2171 649 2242 p.
671 2165 782 2222 ccxiv
801 2171 855 2242 sq.
878 2121 913 2222 61
931 2151 1003 2222 tab.
1025 2153 1085 2222 III.

196 2455 233 2526 i⁰
251 2455 467 2527 66661666.
486 2450 723 2524 Bibliothecae
737 2451 890 2524 civitatis
909 2452 1020 2524 codex
1036 2462 1074 2524 n⁰
1089 2455 1153 2526 169
1170 2455 1371 2553 (6666192)

152 2573 208 2644 161.
239 2570 281 2642 36
307 2588 315 2640 :
345 2568 577 2660 Augustinus,
589 2567 751 2661 Epistula
774 2567 813 2638 61
838 2585 846 2638 :
874 2567 919 2638 ad
940 2568 1184 2660 inquisitiones
1212 2575 1371 2647 Januarii

150 2689 241 2761 liber
264 2687 411 2780 primus,
439 2686 500 2772 111,
532 2685 549 2754 1
579 2684 625 2776 ip.
656 2683 896 2770 162,17·163,
925 2685 963 2754 11
993 2685 1076 2756 edit.
1099 2686 1317 2766 Goldbacher
1333 2691 1372 2762 in

150 2809 254 2898 Gorp.
281 2802 401 2895 script.
422 2801 523 2886 6661,
543 2799 614 2872 vol.
634 2803 798 2881 XXXIV,
820 2799 969 2872 vindob.
991 2800 1105 2893 18981.

419 3031 471 3075 am
484 3014 604 3074 dirimit
616 3015 705 3073 litem
720 3015 775 3089 qui
789 3020 896 3072 monet
911 3020 949 3074 ut

418 3113 603 3185 praecipuae
617 3112 774 3172 1661161611
788 3127 864 3185 pace
883 3127 1046 3184 permanc-

418 3215 483 3268 ant.
503 3210 609 3268 Faciat
626 3215 733 3268 autem
755 3209 975 3282 unusquisque
998 3209 1105 3284 qu[od]

419 3306 597 3366 secundum
610 3305 705 3365 iidem
720 3320 812 3365 suam
826 3308 877 3379 pic
892 3321 960 3364 cre·

419 3404 466 3463 dit
478 3419 548 3463 esse
562 3403 741 3463 iaciendum
755 3417 762 3478 ;
777 3410 889 3462 666166
898 3405 985 3463 enim

418 3517 526 3560 eorum
541 3501 712 3560 exhonorat
725 3517 839 3574 corpus
856 3507 889 3559 et

419 3602 608 3674 sanguinem
621 3600 754 3668 Domini,
775 3599 832 3658 sed
845 3599 1010 3658 saluberri-

419 3711 508 3757 mum
523 3702 755 3756 sacramentum
774 3698 916 3755 certatim

375 3815 378 3828 ⁴
418 3797 570 3854 honorare
585 3793 781 3854 contendunt
796 3805 804 3867 ;
820 3795 1021 3867 nequeenim

419 3895 624 3966 litigavcrrmt
638 3894 720 3950 inter
734 3907 768 3950 se
781 3896 838 3951 aut
851 3893 1021 3965 quisquam

419 4005 528 4049 eorum
542 4005 576 4048 se
590 3991 678 4048 alteri
694 3991 877 4062 praeposuit
895 3992 971 4048 Zac-

419 4087 518 4146 cheus
533 4092 566 4144 ot
580 4087 634 4144 ille
649 4088 791 4146 centurio
807 4102 881 4144 oum
896 4089 974 4144 alter

418 4199 528 4244 eorum
543 4184 686 4259 gaudens
700 4185 735 4242 in
748 4184 880 4242 domum
895 4199 986 4242 suam

419 4283 593 4354 susceperit
604 4282 781 4354 Dominum,
802 4283 881 4340 alter
891 4280 1025 4339 dixerit:
1046 4294 1111 4338 non

420 4395 492 4438 sum
510 4379 628 4453 dignus
642 4383 680 4438 ut
694 4379 755 4437 sub
770 4384 889 4437 tectum
903 4393 1013 4436 meum

420 4479 527 4545 intres,
543 4477 637 4535 ambo
650 4479 836 4535 salvatorem
850 4477 979 4534 honori·

420 4574 550 4633 ficantes
568 4573 691 4632 diverso
704 4579 736 4631 et
749 4575 841 4647 quasi
855 4578 979 4632 contra-

419 4671 465 4728 rio
479 4669 581 4742 modo,
599 4671 692 4728 ambo
710 4671 846 4743 peccatis
860 4671 978 4743 miseri,

420 4767 513 4827 ambo
525 4767 771 4828 miscricordiam
788 4782 970 4842 consequu-
