3082 5386
160 390 220 458 15⁸
546 408 776 463 summersus
796 411 984 464 scansam.

162 584 215 637 tus
229 576 379 637 Dominus
392 580 426 637 in
439 581 525 640 caelo
538 585 571 639 et
584 581 618 640 in
633 588 726 652 terre,
744 596 897 658 magnum
924 589 958 643 et
978 584 1123 644 mirabile
1149 599 1269 644 nomen
1296 586 1379 660 ejus.

162 677 333 750 inbaeseii
343 683 413 736 rant
426 678 613 751 praecordiis
626 681 707 739 meis
720 682 816 742 verba
829 688 885 741 tua
897 688 930 742 et
954 682 1094 758 undiquc
1115 684 1381 743 circumvallabar

162 774 220 834 nbs
236 780 286 847 te;
301 773 340 832 de
353 775 419 833 vita
433 776 649 849 tusllaeterns
662 783 767 837 certus
781 793 866 837 eram
881 781 1027 852 quamvis
1048 795 1086 838 ea
1098 781 1132 838 in
1156 781 1322 854 enigmate
1348 787 1381 839 οι

163 873 254 946 quusi
268 886 325 944 per
338 873 503 944 speculum
517 873 655 933 videram
669 876 705 949 ;11
714 873 871 935 dubitatio
886 882 991 936 tamen
1006 879 1111 935 omnis
1125 877 1165 937 de
1188 879 1379 950 incorrupti-

163 971 220 1031 bili
235 970 415 1030 substaniia
429 971 534 1031 ablata
545 973 623 1031 mihi
647 979 723 1047 erut,
746 990 806 1034 nec
815 975 831 1048 ΙΙ
842 977 954 1034 certior
967 974 1006 1034 de
1021 981 1052 1034 ιο
1072 975 1129 1034 sed
1143 975 1288 1035 stabilior
1301 976 1336 1034 in
1351 983 1381 1035 te

164 1083 235 1128 esse
249 1068 425 1142 cupiebam.
441 1070 486 1128 De
499 1085 571 1129 msa
583 1085 656 1130 vero
670 1074 832 1145 temporali
846 1074 938 1146 vitai}
947 1072 1103 1132 nutabunt
1117 1075 1225 1132 omnia
1238 1079 1273 1133 et
1286 1088 1377 1134 mun·

165 1165 306 1227 dandum
324 1172 391 1226 erat
408 1180 460 1225 cor
476 1166 660 1228 aiemrenio
675 1171 783 1244 veteri,
798 1175 832 1229 et
854 1170 1084 1244 piscabatilvia
1103 1172 1173 1244 ipse
1196 1171 1382 1231 salvatoret

166 1267 211 1324 ire
224 1280 280 1338 per
292 1264 363 1338 ejus
376 1266 542 1338 angustias
555 1265 653 1326 atbuc
662 1267 809 1342 pigebat;
822 1273 856 1327 et
868 1269 1018 1327 inmisisti
1027 1269 1062 1326 in
1073 1282 1161 1327 men·
1169 1269 1187 1342 ll
1197 1275 1263 1328 tem
1276 1284 1380 1329 meam

166 1364 332 1437 visumque
345 1367 394 1420 cst
406 1362 526 1423 bonum
536 1363 751 1438 inconspsctn
765 1380 835 1424 meo
848 1363 1025 1439 porgercad
1038 1365 1280 1438 Simplicianum
1290 1368 1373 1441 quill

167 1460 248 1520 mibi
260 1459 365 1519 bonus
383 1460 552 1534 appusbst
565 1474 676 1521 servus
690 1468 766 1522 tuus
775 1467 808 1521 et
821 1462 948 1522 lucebat
961 1464 994 1521 in
1004 1477 1041 1521 eo
1056 1464 1157 1536 gratia
1174 1470 1243 1524 tua.
1267 1464 1383 1523 Audis-

168 1573 234 1617 ram
248 1559 368 1631 etiamn
378 1558 464 1633 quod
476 1560 675 1634 ajuventute
688 1574 748 1620 sua
761 1559 964 1619 devotissime
979 1559 1038 1619 tibi
1051 1561 1182 1620 viveret.
1208 1562 1281 1620 iam
1305 1577 1378 1621 vero

169 1662 246 1716 tunc
259 1661 406 1714 unusmt
414 1656 432 1729 ΙΙ
441 1662 473 1715 οι
486 1657 581 1732 longa
594 1663 697 1717 aetate
713 1659 748 1718 in
768 1664 834 1718 tum
860 1658 943 1716 bono
970 1656 1076 1716 studio
1106 1657 1275 1718 sectandae
1299 1660 1382 1718 vitae

170 1759 243 1814 tuae
257 1754 359 1812 multa
369 1760 527 1829 expertus,
538 1755 555 1829 ΙΙ
564 1757 667 1816 multa
678 1755 809 1815 edoctus
822 1756 903 1814 mihi
914 1755 1089 1828 videbatur,
1106 1760 1139 1814 οι
1151 1770 1225 1815 vere
1238 1757 1287 1817 sic
1298 1761 1382 1831 erat;

171 1851 308 1927 undique
324 1852 403 1912 mibi
427 1859 464 1912 ut
477 1853 804 1928 prolerretllvolebnm
827 1852 998 1912 conferenti
1017 1867 1126 1913 secum
1151 1859 1262 1913 aestus
1284 1870 1381 1928 meos,

172 1950 243 2025 quis
259 1956 344 2010 esset
357 1957 451 2025 aptus
463 1951 579 2011 modus
590 1953 637 2010 sic
650 1949 770 2023 affecto,
785 1952 916 2024 utliego
930 1965 1025 2024 eram,
1040 1950 1082 2010 ad
1099 1950 1331 2012 ambulandum
1350 1954 1384 2012 in

175 2048 228 2107 via
242 2052 306 2107 tua.
322 2047 475 2108 Videbam
496 2050 581 2108 enim
610 2050 736 2122 plenam
762 2049 928 2108 ecclesiam
954 2055 987 2108 οι
995 2049 1013 2122 ΙΙ
1022 2050 1105 2108 alius
1133 2051 1180 2109 sic
1206 2048 1275 2109 ibat
1301 2051 1385 2110 alius

176 2152 284 2207 autem
296 2148 342 2207 sic
357 2158 365 2219 ;
379 2147 460 2206 mibi
474 2153 582 2207 autem
608 2146 795 2221 displicebat
820 2147 905 2220 quod
932 2147 1064 2221 agebam
1089 2147 1123 2206 in
1151 2149 1316 2222 saecului!
1351 2135 1385 2207 ct

174 2247 260 2304 oneri
274 2246 354 2304 mihi
369 2251 435 2305 erat
447 2245 538 2304 valde
552 2260 616 2304 non
627 2245 694 2320 jam
707 2244 976 2303 inflammantibus
989 2243 1224 2319 cupiditatibus,
1249 2251 1288 2305 ut
1308 2247 1387 2305 sole-

174 2343 261 2416 bant,
277 2358 333 2418 spe
343 2343 543 2418 libonoris'et
557 2345 728 2417 paecuniae
739 2343 780 2403 ad
794 2343 987 2403 tolerandam
1009 2343 1097 2401 illam
1111 2344 1297 2403 servitutem
1322 2350 1387 2403 tam

175 2457 314 2516 gravem.
328 2443 398 2501 iam
408 2443 520 2516 neuim
534 2457 585 2501 me
600 2443 655 2501 iila
675 2457 738 2501 non
759 2442 959 2502 delectabant
980 2455 1055 2515 prae
1077 2440 1246 2501 dulcedine
1274 2448 1332 2500 tua
1357 2446 1388 2501 et

177 2540 286 2600 decore
313 2541 427 2600 domus
448 2547 520 2602 tuae
538 2540 773 2615 quamndilexi.
790 2540 847 2600 sed
874 2542 972 2600 atbuc
998 2541 1149 2600 tenaciter
1168 2540 1323 2614 alligabat
1350 2556 1390 2601 ex

176 2639 302 2712 femina,
317 2654 376 2699 nec
389 2654 440 2699 me
454 2639 640 2712 prohibebat
653 2639 862 2712 apostolius
876 2639 1039 2714 conjugari
1048 2639 1194 2713 quamvis
1209 2639 1389 2698 exhortare-

179 2744 230 2798 tur
242 2737 283 2796 ad
296 2739 421 2809 melius,
436 2738 573 2796 maxime
584 2739 695 2796 volens
709 2751 819 2796 omnes
828 2737 845 2810 ΙΙ
855 2737 1001 2795 homines
1021 2736 1068 2796 sic
1085 2751 1155 2796 esse
1169 2742 1207 2796 ut
1228 2738 1297 2810 ipse
1310 2742 1387 2809 erat,

177 2836 235 2896 sod
248 2851 306 2911 ego
320 2835 474 2894 infirmior
482 2834 637 2909 eligebam
656 2835 832 2895 molliorem
852 2837 957 2893 locum
967 2836 983 2908 ΙΙ
993 2841 1026 2895 οι
1050 2840 1176 2909 propter
1199 2835 1261 2896 boc
1283 2850 1388 2894 unum

177 2935 326 2993 volvebar
339 2935 373 2991 in
387 2934 498 2992 ceteris
511 2932 684 3006 languidus
696 2938 728 2990 et
741 2932 906 2991 tabescens
920 2933 1005 2991 curis
1018 2930 1224 3004 murieldis,
1246 2931 1335 3006 quod
1357 2936 1390 2989 et

179 3037 212 3092 in
226 3033 297 3092 aliis
311 3032 401 3090 rebus
414 3046 493 3105 quas
507 3031 653 3090 nolebam
667 3032 732 3104 pati
743 3019 914 3105 congruere
932 3030 1066 3104 cogebar
1079 3031 1163 3090 vitae
1177 3044 1249 3089 con·
1258 3031 1276 3103 ΙΙ
1282 3031 1386 3104 jugali

178 3128 238 3192 cui·
244 3129 370 3189 deditus
383 3129 609 3202 obstringebar.
626 3129 795 3188 Audieram
808 3143 848 3188 ex
857 3144 909 3187 ore
926 3128 1068 3186 veritatis
1081 3143 1151 3187 esse
1170 3128 1352 3200 spbadones
1362 3129 1379 3202 ΙΙ

178 3231 234 3304 qui
250 3245 284 3287 se
302 3230 389 3301 ipsos
406 3227 610 3286 absciderunt
632 3233 758 3301 propter
784 3242 919 3301 regnum
933 3227 1109 3300 caelorum;
1124 3225 1181 3285 sed
1194 3227 1249 3300 qui
1273 3231 1388 3300 potest,

178 3329 293 3403 inquit,
309 3326 465 3400 cape-lire
479 3327 602 3398 capiat;
623 3325 696 3385 vani
710 3330 787 3383 sunt
800 3330 883 3384 certe
896 3339 1008 3385 omnes
1021 3325 1167 3385 homines
1185 3322 1301 3397 quibua
1324 3339 1389 3382 non

179 3429 264 3485 inest
275 3425 331 3483 Dei
346 3424 487 3495 scientia,
502 3438 561 3482 nec
571 3422 611 3481 de
620 3422 637 3495 11
645 3423 697 3481 bis
711 3437 792 3497 quae
805 3422 954 3481 videntur
966 3422 1050 3482 bona
1062 3426 1233 3496 potuerunt
1246 3422 1389 3481 invenire

179 3539 254 3583 eum
269 3524 324 3597 qui
338 3527 396 3582 est.
411 3523 454 3580 At
466 3536 525 3595 ego
540 3521 608 3594 jam
627 3535 691 3579 non
704 3534 790 3579 eram
800 3521 817 3593 ΙΙ
827 3520 861 3578 in
883 3521 939 3579 illa
958 3521 1113 3594 vanitate,
1135 3519 1389 3579 unnscenderam

179 3636 249 3681 eam
262 3627 294 3679 et
307 3623 503 3680 contestante
517 3619 665 3677 universa
676 3619 1035 3691 creaturailinveneram
1059 3624 1090 3677 ιο
1116 3623 1287 3678 createrem
1316 3632 1389 3676 nos·

180 3725 264 3779 trum
279 3724 312 3777 οι
324 3718 457 3777 verbum
472 3722 563 3775 tuum
578 3724 655 3791 aput
682 3717 842 3788 tensum,
869 3720 1034 3789 tecumque
1061 3716 1307 3788 unumichum,
1335 3730 1390 3788 per

180 3817 265 3891 quod
278 3817 391 3874 creasti
405 3816 522 3874 omnia.
541 3815 579 3873 Ei
592 3804 642 3872 es't
660 3814 741 3872 aliut
766 3826 867 3886 genus
896 3814 1054 3887 inpiorum
1079 3814 1135 3888 qui
1162 3818 1388 3887 cognoscentes

179 3916 287 3985 Deum,
303 3928 367 3973 non
381 3915 465 3972 sicut
478 3913 575 3971 Deum
590 3910 844 3985 glorificaverunt
870 3916 925 3970 aut
948 3912 1064 3984 gratias
1093 3915 1236 3984 egerunt.
1263 3913 1302 3969 ln
1328 3911 1389 3970 hoc

180 4028 302 4088 quoquc
315 4010 487 4071 incideram
500 4010 558 4082 οιΙΙ
581 4009 708 4069 dextera
721 4014 778 4068 tua
799 4009 940 4080 suscepit
954 4022 1004 4066 me
1018 4013 1051 4067 et
1072 4006 1146 4067 inde
1171 4007 1313 4068 ablatum
1335 4023 1390 4081 po-

181 4112 275 4170 suisti
298 4110 354 4169 ubi
375 4110 634 4180 convalescerem,
664 4108 739 4180 quia
764 4105 807 4163 di·
816 4106 833 4178 11
842 4107 918 4164 xisti
943 4106 1085 4164 bomini:
1114 4120 1185 4164 ecce
1211 4107 1313 4178 pietas
1341 4112 1392 4165 est

181 4208 346 4280 sapientia,
361 4211 415 4264 ct:
436 4206 501 4263 noli
514 4205 596 4264 veile
613 4202 713 4261 videri
736 4203 874 4276 sapiens,
902 4203 1053 4276 quoniam
1063 4202 1079 4275 ΙΙ
1089 4201 1231 4260 dicentes
1256 4216 1291 4260 se
1319 4216 1390 4262 esse

182 4306 340 4377 sapientes
366 4303 458 4362 stulti
478 4300 551 4360 iacti
566 4305 651 4359 sunt.
671 4300 710 4358 Ει
728 4300 909 4359 inveneram
929 4300 996 4372 jam
1014 4299 1130 4358 bonam
1141 4299 1390 4372 muriigaritam

181 4409 214 4461 ct
226 4402 365 4461 venditis
379 4400 527 4459 omnibus
540 4412 622 4472 quae
635 4397 784 4456 haberem
797 4397 931 4455 emenda
943 4402 1010 4456 erat
1022 4402 1055 4456 et
1067 4397 1255 4456 dubitatum.
1266 4397 1391 4455 Perrexi

190 4500 206 4572 ΙΙ
229 4514 302 4572 crgo
326 4498 366 4563 ad
387 4497 625 4571 simplicianum
638 4499 758 4568 patrem
781 4495 815 4552 in
835 4493 1018 4567 accipienda
1036 4494 1136 4568 gratia
1158 4498 1237 4553 tunc
1251 4493 1391 4568 episcopi

181 4587 349 4648 Ambrosii.
