3392 5560
786 527 941 578 Ulifflffl
961 527 1149 577 susumus.

839 858 1016 928 TABVLA
1054 859 1112 926 LV

404 1081 604 1150 Erosium
625 1077 703 1148 sive
719 1079 865 1149 Nostrae
887 1077 1056 1148 Dominae
1081 1075 1316 1147 Eremitarum
1338 1075 1376 1146 in
1402 1074 1571 1146 Helvetia.

364 1192 601 1266 Bibliothecae
626 1191 930 1264 Benedictinorum
953 1193 1063 1264 codex
1091 1191 1169 1276 157,
1190 1211 1272 1284 pag.
1300 1189 1442 1262 stetit
1464 1208 1473 1260 :
1494 1193 1573 1260 Gre-

364 1309 454 1400 gorii
483 1308 655 1378 licmelioe
680 1309 719 1377 in
744 1308 904 1377 Ezechiel
925 1307 987 1380 lib.
1019 1313 1047 1396 1,
1070 1305 1165 1378 hom.
1192 1307 1235 1378 to
1260 1307 1399 1398 litiges,
1421 1309 1572 1390 LXXVI,

363 1426 428 1496 888
447 1425 550 1495 stite
568 1425 613 1516 sl.

785 1531 952 1606 (Scriptura
968 1529 1152 1604 minuentis)

503 1689 536 1740 et
547 1684 669 1742 viscera
681 1689 738 1742 tus
750 1682 966 1755 replebuntur,
976 1683 1054 1755 utria
1064 1696 1137 1740 cum
1149 1695 1242 1739 mens

504 1785 613 1840 nostra
626 1780 776 1853 pabolnru
790 1781 932 1838 veritau's
946 1781 1109 1852 acceperit,
1120 1781 1246 1837 interna

505 1883 613 1936 nostra
623 1891 688 1936 non
698 1879 764 1951 jam
774 1891 876 1936 vacua
886 1883 1060 1950 remanent,
1073 1877 1131 1936 sed
1143 1879 1207 1936 ale-

505 1981 616 2033 mento
629 1976 716 2032 vitoe
730 1980 850 2032 senata
864 1976 1049 2048 pensemus,
1062 1975 1170 2032 ircim
1182 1975 1341 2033 karissimi
1354 1977 1417 2034 mei

507 2086 603 2144 quem
617 2072 660 2129 sit
672 2073 726 2144 ple
737 2071 800 2129 ists
812 2072 978 2143 promissio
992 2087 1057 2145 qua
1069 2071 1187 2131 dicitur
1201 2090 1209 2129 z

505 2191 520 2222 ι
535 2175 647 2228 venter
659 2175 736 2228 tuus
749 2168 893 2226 comedet
902 2175 936 2226 et
948 2171 1069 2228 viscera
1080 2176 1137 2228 tua
1149 2172 1248 2243 repis

504 2267 628 2326 buntur
639 2268 803 2326 volumine
816 2268 878 2325 istc
891 2265 977 2339 quod
990 2282 1050 2341 ego
1062 2267 1103 2326 do
1117 2269 1175 2326 tibi
1190 2287 1215 2322 s.

507 2366 601 2424 liulti
614 2367 732 2423 etenim
744 2365 858 2438 legunt
869 2370 903 2422 et
915 2365 955 2422 ab
970 2366 1040 2437 ipsa
1052 2366 1187 2424 lectione
1195 2366 1299 2440 jejuni

510 2468 597 2536 sunt,
611 2463 705 2520 multi
718 2477 828 2520 vocem
839 2461 1061 2534 predicationis
1071 2462 1218 2535 audiunt,

511 2558 569 2618 sed
582 2563 654 2632 post
665 2573 775 2617 venem
785 2561 880 2616 vacui
891 2557 1053 2629 recedunt,
1066 2573 1200 2632 guonem
1212 2561 1273 2618 etsi
1286 2575 1362 2618 ven·

510 2663 560 2714 ter
572 2655 724 2724 comedet,
739 2657 861 2713 viscera
872 2669 937 2713 uon
949 2657 1120 2728 replentur,
1134 2659 1212 2730 quia

513 2755 574 2812 etsi
585 2758 692 2812 mente
706 2754 902 2811 intellectum
915 2754 995 2811 sacri
1008 2753 1096 2811 verbi
1109 2756 1298 2829 percipiunt,
1312 2754 1390 2813 obli·

512 2851 661 2910 viscendo
675 2857 708 2910 et
719 2865 785 2910 non
796 2849 951 2910 servando
964 2867 1046 2925 quoe
1060 2851 1217 2911 audierint
1231 2854 1277 2927 (in
1290 2852 1406 2926 comm)

513 2948 593 3006 boec
607 2949 641 3006 in
655 2947 758 3006 cordis
770 2947 946 3007 visceribus
959 2963 1024 3006 nou
1034 2956 1205 3022 reponunt.
1223 2951 1307 3009 ilinc
1318 2957 1364 3008 eet

510 3047 596 3104 enim
608 3045 694 3119 quod
706 3059 762 3118 per
773 3046 957 3118 prophetam
970 3047 1069 3104 ulium
1079 3046 1233 3120 qumdsm
1249 3047 1399 3106 nomtucs
1413 3049 1461 3106 in·

512 3148 618 3216 crepat
629 3142 738 3200 dicens
752 3159 761 3200 ε
775 3164 791 3195 ι
805 3145 912 3215 ponite
926 3143 1019 3202 corde
1030 3151 1136 3203 vestra
1149 3160 1246 3218 super

372 3242 489 3302 cvnn.
512 3243 581 3300 vias
591 3246 722 3300 vestras.
737 3241 923 3300 Seminastis
937 3244 1076 3301 multum
1085 3249 1118 3301 st
1130 3245 1256 3302 inustis·

494 3403 498 3410 ,
513 3341 554 3397 tis
568 3353 689 3411 parum,
704 3338 888 3400 comedistis
901 3345 934 3397 st
943 3355 1009 3399 non
1022 3342 1101 3399 estis
1113 3342 1229 3414 satiati,
1239 3341 1337 3400 bibis·

510 3437 552 3494 tis
566 3442 600 3494 et
611 3451 676 3495 uon
690 3436 768 3494 estis
780 3435 908 3509 (satiati)
922 3438 1083 3496 inebriati.
1099 3439 1236 3498 idulium

509 3533 594 3592 cordi
607 3548 666 3592 suo
678 3534 815 3591 seminat
829 3533 887 3591 sed
899 3549 1008 3606 pamm
1021 3535 1081 3593 fert
1094 3539 1150 3609 qui
1163 3536 1203 3594 de
1214 3551 1299 3595 man·

509 3631 593 3689 detis
607 3630 772 3690 celestibus
784 3632 838 3689 val
852 3631 986 3704 legendo
997 3635 1048 3691 vel
1062 3635 1157 3712 etiam
1171 3634 1301 3693 audien-

507 3728 548 3786 do
563 3720 666 3786 mults
678 3730 840 3802 cognoscit
854 3728 911 3786 ssd
924 3731 1123 3804 negligenter
1133 3745 1204 3803 ope-

509 3825 607 3884 rando
621 3839 723 3898 peuce
734 3824 910 3884 buctificat.
925 3827 1087 3886 Comedet¹
1102 3836 1134 3887 et
1147 3843 1212 3888 nou

509 3925 645 3983 satiatur
657 3924 713 3996 qui
725 3923 822 3981 verba
834 3925 890 3980 Dei
904 3924 1038 3984 audiens
1049 3927 1137 3985 lucra
1149 3930 1201 3985 vel

515 4023 648 4096 gloriam
662 4021 782 4079 soeculi
798 4023 1001 4093 concupiscit.
1016 4023 1102 4082 Bene
1115 4030 1217 4082 norm
1229 4039 1295 4083 non
1307 4039 1357 4084 sa·

512 4121 589 4178 tiare
603 4118 720 4176 dicitur
732 4119 809 4191 quia
821 4118 910 4176 aliud
923 4118 1054 4177 mandet
1066 4125 1098 4177 et
1110 4119 1198 4179 aliud

508 4219 617 4277 esurit.
630 4215 717 4274 Bibit
729 4221 762 4272 et
775 4230 839 4273 non
853 4216 1091 4290 inebriaturqui
1104 4217 1145 4276 ad
1157 4233 1266 4277 vocem

508 4313 750 4388 praedicationis
762 4327 870 4370 auran
883 4315 1024 4387 inclinat,
1039 4314 1096 4372 sed
1109 4322 1249 4375 mentem

509 4427 574 4474 non
587 4417 701 4470 mutet.
717 4409 802 4469 Solet
815 4412 900 4468 enim
913 4427 969 4482 per
982 4411 1165 4472 ebrietatem
1177 4414 1356 4474 bibentium

510 4525 625 4571 seusus
639 4519 777 4584 mutare;
792 4512 848 4584 gisi
862 4525 936 4584 ergo
949 4511 989 4569 ad
1003 4512 1257 4586 cognoscendum

509 4611 564 4667 Dei
583 4609 717 4668 verbum
734 4607 868 4668 devotus
886 4614 941 4681 eet,
961 4608 1018 4666 sed
1030 4622 1068 4667 ea
1085 4623 1167 4682 quoe
1181 4615 1257 4668 sunt
1275 4610 1375 4685 hujus
1393 4614 1512 4672 soeculi

399 4789 424 4840 l.
439 4787 515 4840 Gerr.
531 4784 659 4838 decedit.
