3082 5386
161 383 219 448 tto
546 395 772 447 ansobertus
792 394 980 445 scararum.

200 569 225 628 1.
245 568 346 637 Quare
359 566 640 641 usqueadJoseph
876 564 976 624 David
989 565 1161 626 concubitu
1174 582 1240 627 non

246 665 558 740 generatorischristi
573 680 655 724 oom-
878 663 1039 722 sitnatus.

245 768 436 822 memoratur
447 777 521 821 cum
535 761 575 820 de
802 762 855 819 111.
876 762 976 829 Quare
989 764 1068 821 alios
1082 777 1268 836 progenera-

244 861 333 919 tillus
345 860 464 918 semine
477 858 614 919 chamus
624 874 687 918 non
697 861 738 918 sit
869 860 1372 921 toresChrietillathsusenume·

247 956 413 1017 natuseed
428 956 467 1016 de
480 958 602 1031 virgine
616 958 721 1015 Maria.
876 961 933 1028 rat,
949 957 1156 1016 aliosLueas.

183 1057 222 1114 Π.
242 1054 402 1124 Quomodo
417 1056 459 1114 sit
472 1055 608 1113 christus
623 1054 707 1114 illius
789 1053 856 1111 1111.
876 1053 979 1120 Quare
991 1053 1209 1128 quadragenta

244 1151 347 1211 David
360 1167 431 1211 cum
445 1167 483 1210 ex
496 1152 611 1225 toseph
627 1151 684 1246 dlii
878 1151 1109 1225 generationes¹
1124 1159 1254 1226 excepto

203 1381 329 1465 Codex,
356 1381 440 1452 olim
465 1382 696 1469 corbeiensis,
726 1382 852 1454 deinde
878 1392 915 1452 n⁰
939 1383 1003 1454 758
1029 1385 1065 1453 in
1090 1383 1309 1455 Bibliotheca
1334 1389 1371 1456 S.

161 1498 325 1571 Germani
345 1519 365 1568 a
379 1498 504 1569 Pratis.
520 1497 598 1569 Vid.
615 1497 858 1569 Benedictinos
873 1498 993 1588 (Nouo.
1012 1498 1127 1584 traitt,
1143 1500 1204 1585 111,
1219 1498 1276 1587 te,
1294 1499 1372 1585 180,

159 1615 242 1706 etc.)
261 1622 297 1685 et
315 1617 424 1707 Leop.
449 1613 591 1700 Delisle,
611 1618 656 1684 Lr
675 1613 807 1683 cabinet
825 1612 882 1682 des
900 1635 977 1684 mss.
993 1612 1062 1684 tab.
1084 1616 1112 1698 Ι,
1133 1614 1166 1698 b,
1188 1614 1223 1699 7,
1244 1615 1277 1685 8.

202 1733 302 1801 Hanc
320 1731 484 1822 paginam
503 1729 697 1801 addendam
722 1728 820 1812 duxi,
845 1737 886 1798 ut
904 1728 1009 1799 simul
1027 1729 1265 1801 semiuncialis
1288 1750 1369 1803 cum

157 1845 289 1917 unciali
314 1854 419 1938 atque
441 1845 541 1915 titulo
564 1851 758 1936 appareret,
783 1843 845 1915 obi
862 1844 978 1915 omnia
1004 1854 1166 1918 octavum
1191 1847 1372 1920 saeculum

158 1969 291 2034 notant.

654 2217 829 2288 TABVLA
847 2219 872 2287 G

206 2471 374 2540 Patusus.
410 2467 644 2538 Bibliothecae
676 2465 807 2561 patriae
838 2465 914 2537 eod.
948 2469 1036 2538 Nov.
1069 2487 1145 2558 aeq.
1178 2466 1240 2537 lat.
1271 2468 1372 2552 1597,

162 2585 220 2656 fol.
241 2584 286 2654 2:
307 2585 477 2671 Paterius,
492 2582 669 2674 Praefatio
685 2583 721 2652 t’n
742 2581 897 2684 Greporii
915 2604 1028 2674 opera.
1051 2582 1195 2675 [Migne,
1211 2585 1372 2671 LXXIX,

165 2698 336 2790 oet-oser

197 2895 353 2971 judicavit
366 2894 428 2952 nisi
442 2894 572 2953 alterius
585 2895 699 2952 iterum
713 2892 839 2952 deducti
853 2891 894 2950 ad
907 2891 1047 2952 medium
1060 2893 1234 2952 testimonii

201 2993 341 3052 evidenti
356 2993 630 3064 interpraetatione
644 2992 741 3050 latius
755 2990 906 3049 edoceret.
920 2991 1092 3064 Artumque
1105 2995 1150 3048 est
1215 3046 1220 3057 ,

201 3097 239 3150 ut
252 3092 312 3149 hac
326 3090 496 3162 occasione,
513 3091 596 3148 sicut
609 3089 767 3161 praefatus
781 3104 862 3162 sum,
877 3090 992 3147 veteris
1005 3089 1196 3146 Testamenti

202 3194 268 3246 tota
280 3203 380 3260 paene
395 3189 492 3246 series
506 3188 629 3246 occulta
641 3188 827 3259 patisceret¹
842 3201 922 3260 quae
934 3185 1035 3244 divini
1046 3190 1143 3245 notus
1157 3183 1212 3243 ed·

203 3287 371 3358 spiratione
385 3292 530 3357 reserata,
546 3285 639 3342 samis
652 3291 777 3342 nostrae
791 3286 926 3342 esuriem
939 3284 1068 3356 superni
1081 3283 1192 3355 pabuli

203 3385 291 3455 copia
305 3385 448 3455 satiaret;
464 3383 563 3457 hujus
577 3397 650 3456 ergo
664 3383 709 3441 rei
723 3382 843 3441 ardenti
857 3383 953 3441 nimis
967 3380 1121 3442 desiderio
1134 3396 1204 3454 pro-

202 3488 332 3541 vocatus
347 3480 501 3556 quaedam
514 3480 552 3539 de
566 3480 686 3539 eisdem
699 3482 888 3540 testimoniis
901 3495 1060 3552 coeperam
1076 3479 1136 3538 sub
1150 3478 1288 3554 quadam

201 3579 354 3637 brevitate
368 3579 547 3651 decerpere3
563 3579 669 3653 aliqua
681 3594 755 3638 vero
768 3578 964 3654 neglegendo
978 3578 1121 3637 mansino.

169 3669 265 3752 Quod
279 3676 355 3735 dum
368 3676 465 3745 fieret,
481 3676 563 3734 sicut
577 3679 769 3736 conscientia
781 3692 853 3735 mea
865 3677 945 3735 mihi
960 3678 1050 3736 testis
1063 3681 1118 3749 est,
1133 3690 1186 3734 me
1199 3677 1312 3734 nolen-

202 3781 234 3833 te
247 3779 340 3847 atqoc
353 3774 413 3832 boo
427 3775 552 3833 cautius
564 3772 747 3845 providente
762 3789 802 3832 ne
816 3788 835 3833 a
848 3788 1006 3847 quoquam
1017 3774 1122 3848 aliquo
1136 3772 1229 3832 modo

203 3877 393 3946 posceretur,
407 3888 460 3944 per
474 3871 627 3944 quosdam
637 3870 678 3930 ad
690 3871 832 3946 eiusdem
845 3873 1007 3945 apostolici
1020 3871 1179 3944 pontificis
1193 3872 1288 3929 nostri

202 3969 344 4028 notitiam
355 3983 454 4042 usque
468 3969 619 4041 pervenit,
630 3969 686 4042 qui
696 3984 747 4027 me
760 3970 865 4028 verbis
879 3984 962 4039 mox,
973 3969 1087 4044 quibus
1100 3969 1264 4028 beatitudo
1278 3973 1381 4028 vestra

203 4067 300 4138 novit,
316 4066 465 4124 suasoriis
480 4070 570 4139 atque
584 4063 624 4122 ad
638 4080 774 4138 superna
788 4067 983 4126 trahentibus
996 4066 1149 4125 hortando
1163 4067 1266 4139 coepit

201 4161 369 4222 accendere
383 4167 541 4235 quatenus
554 4163 614 4220 hoo
629 4162 711 4236 quod
724 4164 865 4238 neglecte
879 4178 1039 4237 coeperam
1053 4164 1176 4237 explere
1191 4168 1259 4222 stu·

202 4261 322 4319 diosius
336 4258 526 4332 debuissem,
541 4260 586 4318 ita
597 4265 634 4318 ut
647 4265 679 4317 et
692 4276 773 4333 opus
786 4268 819 4320 et
832 4262 948 4320 librum
961 4264 994 4320 in
1008 4277 1071 4335 quo
1086 4262 1305 4321 testimonium

200 4361 340 4432 positum
353 4359 509 4430 legeretur
522 4360 572 4416 vel
586 4374 625 4416 ex
638 4374 702 4431 qua
713 4374 745 4417 re
760 4365 863 4418 ortum
878 4361 1006 4418 oscetin
1021 4361 1106 4419 tituli
1120 4361 1190 4434 ejus

196 4588 221 4640 1.
235 4584 314 4637 Prius
326 4593 506 4652 peace-atores.

195 4668 224 4718 2.
242 4667 317 4718 Gerr.
331 4673 481 4731 patesceret.
