3082 5386
515 387 641 490 ‚oorrro
663 412 821 460 saecum.

442 574 568 633 fitentes
582 589 647 632 non
661 574 724 631 nisi
738 588 852 647 purga·

442 679 475 731 to
489 670 644 731 sacerdoti
659 685 693 728 se
707 685 846 729 commu·

442 771 612 828 nicaturoa

409 858 496 926 Hinc
508 883 568 925 nos
581 866 728 925 conventi
743 865 857 926 damus

442 964 483 1023 ad
498 964 664 1038 Hyginum
677 963 884 1036 et‘Symposi·

442 1075 498 1120 um
512 1062 676 1134 episcopos
690 1074 826 1134 quorum

442 1160 541 1217 vitam
555 1159 623 1230 ipse
638 1156 755 1216 novisti
769 1157 884 1231 hujus-

439 1255 525 1315 modi
544 1257 674 1328 litteraS,
695 1255 800 1315 omnia
815 1270 868 1313 eu·

440 1355 506 1413 bito
521 1354 621 1412 fuisse
638 1352 772 1426 turbata,
787 1369 856 1427 pro-

438 1451 540 1510 videri
559 1456 699 1525 oportere
713 1451 850 1525 qualiter

438 1551 627 1609 eclesiarum
639 1564 702 1623 pax
715 1550 858 1623 conposi-

439 1653 472 1706 ta
485 1646 621 1706 duraret.
637 1647 836 1706 Rescribtum

438 1751 487 1804 est
500 1750 539 1804 ut
551 1745 658 1804 verbis
671 1745 750 1819 ipeie
763 1746 872 1819 loqua-

437 1858 510 1904 mur
524 1860 532 1901 ι
547 1849 705 1918 quantum
719 1842 760 1902 ad
775 1844 872 1903 laicoe

101 2122 152 2189 De
179 2118 298 2191 codice
331 2120 377 2191 of.
413 2118 576 2213 Schepss,
603 2117 814 2204 Priscilliorr,
847 2117 902 2187 ein
929 2115 1276 2210 mucosqcsuodeoer

61 2234 277 2305 lateinischer
312 2234 559 2328 Sodriststeller
589 2234 646 2303 des
678 2236 700 2303 1
703 2237 730 2302 V
760 2233 1019 2321 retrocadere,
1057 2233 1271 2326 Wiirzburg,

57 2349 196 2435 Stuber,
225 2350 311 2423 1886
336 2353 429 2443 (oum
454 2350 573 2421 tabula
597 2349 764 2444 paginam
791 2370 899 2420 unam
925 2348 1118 2441 reddente),
1137 2369 1274 2422 necnon

55 2465 306 2559 praefationem
324 2465 485 2537 editionis
503 2464 733 2560 supradictae,
753 2486 789 2559 p.
805 2484 1034 2537 vult-xxvia.

100 2584 140 2651 In
157 2581 363 2652 inchoandis
381 2579 589 2652 tractatibus
607 2588 680 2653 tres
705 2581 837 2674 priores
854 2581 1105 2679 versus-minio
1129 2580 1271 2674 scripsit

56 2697 220 2769 librarius
236 2720 244 2782 ;
266 2666 511 2790 compendium
529 2681 619 2767 Dine
638 2696 826 2789 aliquando
849 2697 1039 2783 invenitur,
1069 2717 1271 2790 quanquam

54 2813 196 2907 saepius
219 2799 307 2884 niis
332 2811 492 2883 occurrit.
521 2812 674 2885 Litterae
695 2815 723 2883 F
745 2818 772 2886 L
797 2816 824 2907 Τ
852 2815 958 2886 nullis
984 2812 1215 2896 manentis,
1242 2815 1268 2882 P

53 2937 177 3001 ventre
201 2937 333 3023 aperto,
354 2929 504 3021 denique
528 2927 645 3001 littera
673 2931 706 2997 M
728 2930 788 3002 vel
813 2933 844 3003 N
866 2931 903 3002 in
922 2930 992 3002 fine
1011 2951 1178 3003 versuum
1196 2950 1266 3000 non

54 3044 148 3115 linea
166 3052 304 3116 tantum
318 3043 379 3116 sed
394 3042 523 3116 lineola
537 3064 617 3115 cum
632 3051 761 3137 puncto
774 3046 993 3139 exprimitur.
1013 3050 1136 3138 Itaque
1152 3045 1267 3137 potius

55 3161 98 3231 ad
116 3161 277 3252 quintum
296 3180 401 3253 quam
419 3159 462 3230 ad
482 3166 623 3231 sextum
640 3160 842 3233 referendus
865 3161 975 3233 codex
993 3162 1143 3234 ridetur.
