3082 5386
602 428 753 477 usuum
773 429 961 479 mmm.

586 705 761 773 TABVLA
784 707 966 776 XXXVIII

212 898 382 968 Puniens.
411 895 649 969 Bibliothecae
681 900 813 990 patriae
840 900 917 969 eod.
943 900 1004 969 lat.
1045 900 1179 986 12205,
1213 903 1272 972 iol.
1305 903 1382 974 29:

167 1013 396 1103 Augustinus,
409 1010 452 1080 de
463 1012 669 1104 correptione
680 1023 711 1081 et
726 1015 856 1106 qratia,
872 1015 949 1083 init.
963 1014 1035 1105 [ed.
1047 1017 1197 1102 (inume,
1207 1019 1256 1102 X,
1267 1017 1380 1108 listi

275 1174 379 1231 Lectis
392 1174 505 1230 litteris
519 1175 643 1244 vestris,
657 1175 823 1231 valentine
837 1173 930 1231 irater
943 1173 1040 1232 dilee-

275 1273 397 1328 tissime
411 1273 512 1343 etqui
526 1271 623 1328 simul
637 1274 763 1329 servitis
776 1274 848 1343 Deo,
865 1288 945 1344 quas
957 1289 1013 1344 per
1025 1273 1152 1331 tratrem

273 1370 398 1426 Florum
426 1376 458 1426 et
471 1383 526 1426 eos
537 1370 593 1441 qui
608 1385 681 1428 eum
696 1371 751 1427 illo
764 1368 805 1426 ad
819 1385 879 1427 nos
890 1378 1047 1428 venerunt
1060 1373 1151 1429 misit

272 1469 386 1525 caritas
400 1474 505 1525 vestra
515 1470 567 1540 egi
580 1469 643 1524 Deo
658 1470 775 1540 gratias
789 1468 874 1540 quod
886 1475 1023 1526 vestram
1038 1471 1072 1526 in

271 1566 402 1622 Domino
416 1580 525 1636 paoem
536 1571 570 1622 et
583 1567 616 1621 in
630 1567 762 1622 veritate
777 1568 1017 1624 consensionem
1032 1574 1065 1625 et
1079 1569 1114 1624 in

272 1664 399 1720 eariute
413 1663 609 1735 flagrantiam
623 1670 727 1720 vestro
739 1663 831 1720 nobis
845 1663 966 1720 reddito
980 1679 1049 1722 ser·

271 1775 365 1818 moue
379 1762 522 1834 eognovi,
536 1760 621 1833 quod
633 1767 739 1818 autem
754 1761 794 1817 ad
806 1761 1046 1819 subversionem
1059 1778 1137 1834 quo-

271 1857 405 1915 rundam
428 1858 514 1929 apud
533 1873 590 1915 vos
613 1859 743 1915 molitus
765 1865 814 1915 est
834 1860 995 1930 inimicus,
1010 1861 1072 1916 Deo
1086 1861 1186 1918 mise·

271 1961 359 2012 rante
373 1961 405 2013 et
418 1957 489 2029 ejus
502 1955 636 2013 insidias
650 1957 683 2012 in
698 1971 829 2013 suorum
844 1971 1006 2013 servorum

270 2059 453 2124 proveetum
466 2054 602 2111 mirabili
615 2053 755 2111 bonitate
770 2060 922 2124 vertente,
937 2053 977 2110 ad

270 2150 332 2209 hoo
345 2152 451 2222 potius
463 2153 566 2209 valuit
579 2158 617 2209 nt
628 2153 710 2208 nulli
722 2157 863 2210 vestrum
876 2151 1076 2209 destrueren-

272 2252 325 2305 tur
336 2248 370 2305 in
384 2249 476 2319 pejus
487 2247 544 2307 sed
557 2249 704 2306 nonnulli
718 2251 952 2306 instruerentur
964 2251 998 2306 in

272 2348 397 2405 metius.
411 2347 479 2406 Non
494 2348 596 2419 itaque
610 2361 690 2418 opus
703 2352 753 2404 est
766 2348 873 2404 omnia
887 2345 1060 2403 identidem

271 2450 435 2503 retractare
449 2459 531 2517 quae
544 2443 737 2503 sufficienter
750 2444 841 2502 vobis
854 2445 947 2515 pleno
961 2443 1041 2501 libro

271 2541 432 2613 disputata
445 2542 695 2613 transmisimus;
710 2557 805 2614 quem
819 2541 976 2613 quomodo
989 2555 1058 2598 sus·

271 2640 410 2712 eiperitis
423 2640 572 2710 rescripta
583 2638 724 2696 indicant
734 2645 848 2709 vestra,
863 2644 1021 2696 verumta-

271 2753 345 2796 men
359 2739 457 2795 semel
471 2738 589 2794 lectum
603 2737 692 2793 nullo
705 2736 799 2793 modo
812 2735 1007 2792 arbitremini
1022 2736 1100 2792 satis

270 2837 362 2894 vobis
374 2836 562 2893 innotiseere
580 2835 730 2906 potuisse.
747 2835 779 2892 Si
792 2849 866 2906 ergo
877 2848 952 2890 eum
967 2832 1104 2892 iruetuo-

272 2935 436 2992 sissimum
450 2933 565 2991 habere
579 2933 688 3002 vultis,
703 2947 768 2988 non
780 2946 837 2989 vos
852 2932 958 3003 pigeat
969 2932 1109 3003 relegen-

271 3031 312 3089 do
325 3031 441 3089 habere
455 3031 658 3089 notissimum
671 3035 709 3087 ut
722 3028 966 3103 diligentissime
981 3029 1089 3086 sciatis

271 3128 386 3202 quibus
399 3133 432 3185 et
442 3127 587 3201 qualibus
599 3125 799 3200 apsolvendis
813 3125 912 3198 adque
923 3124 1073 3183 sanandis
1088 3139 1153 3182 non
1166 3125 1212 3183 ibi

271 3226 413 3284 humana
426 3226 483 3284 sed
496 3224 604 3284 divina
615 3225 781 3282 hooourrat
793 3224 972 3295 auotoritas,
983 3238 1002 3281 a
1015 3237 1079 3295 qua
1091 3224 1170 3281 reoi-

272 3324 345 3382 dere
355 3339 420 3382 non
431 3323 585 3382 debemus
599 3325 627 3380 si
640 3323 789 3379 volumus
803 3321 963 3393 pervenire
977 3335 1041 3393 quo
1054 3326 1121 3376 ten·

271 3422 388 3495 dimus,
400 3422 551 3480 Dominus
562 3426 669 3479 autem
681 3420 748 3491 ipse
760 3434 826 3476 non
843 3419 947 3476 solum
961 3416 1099 3475 ostendit
1111 3417 1206 3476 nobis

270 3534 365 3593 aquo
378 3520 468 3578 malo·
475 3518 671 3577 declinemus
684 3522 717 3574 et
730 3516 815 3589 quod
828 3516 948 3573 bonum
962 3514 1125 3586 iaciamus,

271 3616 356 3690 quod
370 3618 474 3675 solum
488 3620 592 3688 potest
605 3615 685 3688 legis
697 3615 810 3686 littera,
821 3628 932 3671 verum
947 3614 1044 3671 etiam

268 3713 400 3787 adiubat
412 3728 470 3770 nos
482 3719 520 3772 ut
532 3713 729 3771 declinemus
740 3725 759 3768 a
772 3713 855 3768 malo
869 3716 901 3767 et
914 3709 1069 3767 faciamus

267 3812 388 3870 bonum
402 3811 488 3886 quod
501 3811 611 3869 nullus
625 3815 728 3882 potest
741 3809 804 3866 nisi
818 3809 947 3881 spiritus
962 3808 1092 3881 gratiae,

268 3925 350 3985 ques
363 3911 392 3967 si
404 3910 487 3967 desit
499 3909 540 3968 ad
553 3910 613 3967 hoo
626 3908 677 3966 lex
691 3905 780 3964 adest
793 3912 831 3964 ut
843 3920 914 3963 reos
929 3905 1021 3963 faeiat
1034 3910 1069 3962 et

269 4007 399 4080 occidat,
415 4004 636 4080 propterquod
650 4004 727 4061 dioit
740 4005 924 4074 apostolus:
938 4003 1042 4060 littora

269 4103 395 4175 oceidit,
408 4103 537 4178 spiritus
550 4108 658 4161 autem
671 4099 829 4172 vivifieat3
844 4101 900 4173 qui
912 4115 986 4172 ergo
1000 4098 1141 4171 legitime

270 4203 341 4275 lege
353 4203 455 4260 utitur
469 4201 563 4260 diseit
574 4201 609 4257 in
624 4215 661 4257 ea
674 4197 794 4255 malum
808 4203 840 4255 et
852 4197 972 4255 bonum
986 4201 1019 4253 ot
1031 4210 1096 4254 non

268 4351 306 4409 1η
320 4351 456 4425 margine
469 4369 477 4409 ι
492 4348 578 4418 Quod
592 4351 643 4408 lex
654 4364 717 4406 non
728 4346 841 4404 liberat
851 4345 864 4417 ΙΙ
876 4359 895 4401 a
907 4349 1034 4415 peceato
1048 4345 1118 4401 sine
1128 4343 1144 4415 ΙΙ
1156 4343 1271 4416 gratia.

208 4527 325 4599 Codex
361 4526 443 4598 olim
479 4525 710 4608 corbeiensis
752 4530 873 4612 postea
909 4520 945 4586 S.
987 4518 1150 4588 Germani
1186 4518 1230 4590 de
1262 4520 1380 4591 Pratis

162 4644 217 4733 (η’
236 4641 314 4725 630,
335 4639 459 4713 deinde
485 4651 523 4714 n‘
550 4641 640 4731 255),
672 4639 715 4709 de
741 4657 810 4727 quo
837 4639 986 4724 egerunt
1013 4632 1231 4703 benedictini
1251 4633 1377 4724 (Nouo.

163 4758 276 4844 truite,
297 4757 356 4839 III,
373 4755 450 4843 173,
465 4758 543 4849 ill)
564 4765 668 4847 atque
679 4750 820 4835 Deinde,
833 4746 980 4818 detinet
994 4743 1050 4812 des
1063 4768 1154 4827 mss„
1167 4748 1227 4838 111,
1244 4748 1309 4820 199
1322 4772 1376 4842 sq.
