3082 5386
292 1277 332 1348 ‘²⁰
469 1348 902 1459 PRAEFATIO

121 2059 271 2131 Uncialis
301 2026 480 2149 scriptura,
512 2058 641 2126 scilicet
666 2080 707 2126 ea
733 2079 837 2148 quam
863 2056 1054 2126 rotunditas
1083 2056 1290 2143 litterarum,

79 2203 281 2296 praesertim
295 2225 326 2286 e,
343 2224 390 2286 m,
406 2223 442 2286 n,
459 2223 479 2268 a
498 2201 635 2292 capitali
649 2202 807 2287 secernit,
825 2206 860 2272 et
878 2200 1109 2271 semiuncialis
1122 2200 1162 2288 in,
1173 2221 1243 2292 qua
1259 2202 1291 2278 b,

80 2370 109 2431 e,
130 2369 177 2431 m,
207 2368 237 2429 r,
263 2367 279 2412 s
306 2343 545 2427 minusculam,
574 2349 613 2412 ut
635 2344 819 2434 loquimur,
848 2345 994 2413 lormam
1015 2343 1089 2433 jam
1113 2347 1292 2434 usurpant,

81 2513 101 2558 a
129 2494 250 2579 quarto
281 2487 459 2555 minimum
486 2506 596 2576 usque
629 2485 674 2554 ad
705 2507 834 2554 nonum
866 2490 945 2576 post
971 2485 1009 2555 C.
1039 2508 1079 2556 n.
1118 2484 1294 2553 saeculum

81 2632 273 2720 viguerunt.
302 2629 428 2698 Omnes
447 2633 615 2719 quotquot
633 2634 818 2719 supersunt
839 2628 944 2717 hujus
969 2627 1134 2720 temporis
1158 2625 1294 2699 codices

81 2772 303 2863 manuscripti
330 2777 364 2840 et
388 2771 607 2839 veneratione
634 2776 668 2839 et
695 2771 807 2840 studio
835 2776 952 2839 nostro
982 2770 1174 2860 dignissimi
1200 2774 1294 2842 sunt.

82 2918 288 3006 Quanquam
307 2917 420 2982 autem
440 2917 518 3004 post
535 2914 724 3005 principale
745 2933 831 3005 opus
850 2936 872 2982 a
891 2913 1013 2984 Garolo
1040 2909 1295 3000 Zangemeister

82 3064 116 3127 et
143 3059 312 3129 Guilelmo
335 3055 565 3125 Wattenbach
593 3055 734 3140 editum,
763 3060 843 3147 post
870 3055 1086 3142 magnificam
1106 3053 1294 3125 'Societatis
1388 3126 1391 3131 ,

81 3200 389 3294 palaeographicae
408 3199 633 3270 Londinensis
652 3200 825 3288 syllogen,
846 3204 924 3289 post
942 3197 1161 3291 splendidum
1180 3197 1295 3268 Socie-

72 3339 161 3414 'tatis
179 3350 316 3413 nostrae
336 3343 479 3412 Scholae
499 3342 701 3413 Chartarum
718 3342 858 3426 Album,
884 3346 963 3433 post
986 3341 1098 3409 varios
1128 3339 1295 3432 Leopoldi

82 3487 209 3556 Dolislo
227 3487 333 3554 libros
352 3486 478 3554 tabulis
493 3486 692 3570 illustratos,
712 3489 792 3576 post
809 3483 1030 3554 Monumenta
1053 3506 1072 3551 e
1091 3482 1294 3554 laurinensi

82 3629 301 3720 Expositione
319 3633 411 3712 nata,
431 3627 607 3697 latendum
621 3632 674 3696 est
688 3627 989 3696 celeberrimorum
1005 3626 1162 3696 codicum
1181 3625 1295 3695 uncia·

82 3773 172 3842 libus
197 3773 253 3840 vel
271 3771 548 3840 semiuncialibus
567 3771 689 3841 litteris
713 3770 918 3861 scriptorum
942 3769 1129 3862 specimina
1153 3768 1295 3858 vulgata

83 3936 175 3998 esse,
191 3923 306 3983 tamen
328 3925 397 3982 non
416 3915 517 4006 pauci
533 3914 725 4005 :supersunt
742 3870 889 4004 qdorum
907 3912 963 3982 vel
987 3911 1101 3981 nullos
1123 3911 1179 3980 vel
1197 3930 1294 3980 raros

83 4077 202 4127 versus
221 4056 368 4125 fideliter
386 4077 564 4147 expressos
582 4056 734 4152 reperire
752 4055 875 4145 possis.
1043 4048 1045 4053 ’

126 4200 217 4269 Dum
247 4201 467 4270 classicorum
493 4200 677 4268 latinorum
701 4198 877 4267 codicibus
906 4199 1108 4289 pervarias
1135 4197 1296 4288 Europae

83 4343 308 4413 bibliothecas
323 4343 516 4429 studebam,
533 4344 674 4436 reliquis
688 4343 847 4433 antiquae
861 4342 1050 4433 scripturae
1066 4340 1295 4410 monumentis

83 4485 255 4554 abstinere
274 4486 428 4576 nequivi,
449 4507 561 4575 neque
580 4456 728 4553 Bibliam
745 4485 802 4552 vel
824 4485 942 4558 Patres
960 4483 1194 4572 neglegendos
1213 4482 1296 4551 duxi

85 4627 217 4717 quoties
237 4628 369 4696 occasio
388 4627 473 4696 mihi
496 4628 592 4699 favit.
620 4627 677 4699 Sic
697 4627 805 4699 multe
822 4627 1027 4700 documenta
1044 4626 1294 4722 manuscripto·
