3082 5386
507 111 633 177 otnero
652 126 811 178 samono.

187 299 311 360 Sordita
323 302 481 358 nitescant
494 301 570 358 olim
585 302 743 359 conmissa
756 303 910 360 malorum

184 400 225 456 Et
236 399 368 457 meliora
381 399 443 470 piis
456 399 636 472 flagrabunt
646 400 753 457 omnia
764 399 865 471 vobis,

186 495 417 568 Horrendisque
431 496 528 554 simul
541 497 692 555 liberatur
705 498 772 554 vita
785 497 912 568 periclis

185 593 296 666 eoque
308 600 436 652 aeterna
450 594 518 653 suis
532 596 640 652 veniet
653 594 693 652 ad
711 595 850 667 praemia
869 596 963 652 votis.
984 595 1134 654 Exrnrcit.

516 715 700 789 [Quaternio]
713 718 800 775 XIIII
917 809 921 815 Ι

94 932 130 999 Is
151 927 263 1000 codex
283 929 366 999 olim
385 928 616 1015 GorbeiensiS,
638 936 757 1021 postea
776 929 894 999 Sancti
913 929 1077 1000 Germani
1106 949 1128 999 a
1154 929 1267 1001 Pratis

51 1042 101 1133 (n⁰
113 1045 195 1131 676,
213 1045 338 1116 deinde
349 1045 439 1135 844),
453 1043 665 1114 carminibus
676 1043 882 1114 Christianis
893 1046 1054 1134 refertus,
1066 1045 1268 1137 exemplum

43 1161 214 1251 praebet,
244 1168 283 1231 ut
324 1160 569 1246 Einsidlensis,
604 1160 732 1231 codicis
764 1160 961 1230 minuscula
997 1161 1170 1251 scriptura
1195 1160 1268 1231 sere

40 1277 206 1348 absoluti
225 1298 304 1348 oum
324 1276 534 1368 quibusdam
552 1278 692 1369 paginis
710 1277 894 1347 uncialiter
909 1276 1062 1347 exaratis
1083 1276 1152 1367 (iol.
1169 1277 1185 1345 4
1207 1284 1245 1347 v⁰
1255 1296 1266 1364 3

36 1392 205 1464 406-442
232 1399 303 1462 not.
327 1377 659 1484 X11113'113-tte);
688 1392 750 1462 fol.
777 1391 840 1462 446
867 1392 994 1483 partim
1021 1391 1266 1478 minusculam,

38 1508 186 1599 partim
203 1508 378 1579 unoialem
398 1508 552 1600 praebet.
574 1511 678 1579 Totus
697 1507 786 1580 liber
804 1508 897 1579 eirca
914 1529 971 1578 an.
1001 1508 1067 1580 866
1094 1508 1268 1600 periectos

37 1644 135 1695 esse
153 1623 304 1694 videtur.
1261 1628 1264 1634 ’

94 1743 149 1810 De
180 1759 220 1809 eo
244 1747 392 1829 egerunt
416 1739 549 1821 Hartei‚
577 1738 631 1810 ed.
653 1739 711 1809 eit.
734 1761 768 1831 p.
789 1757 880 1825 xxu,
901 1740 947 1811 H.
968 1741 1106 1824 Omont,
1126 1743 1206 1810 ideo.
1227 1739 1268 1809 de

37 1853 454 1942 Philolopie,1V,1880‚
477 1875 510 1944 p.
533 1853 648 1924 67-68.

97 1969 201 2041 Notis
221 1969 404 2039 tironianis
422 1969 459 2038 in
478 1968 695 2061 marginibus
714 1968 869 2039 abundat
889 1968 958 2062 (iol.
970 1969 1071 2056 dim,
1084 1967 1140 2055 46,
1158 1967 1200 2040 46
1215 1979 1263 2049 v⁰,

53 2085 103 2155 48
122 2101 172 2170 v0,
189 2085 232 2155 60
251 2093 300 2169 v⁰,
321 2084 360 2155 64
389 2085 469 2175 etc.)
497 2087 589 2156 inter
613 2107 701 2177 quas
731 2085 923 2156 notandum
949 2085 988 2155 in
1012 2085 1171 2178 margine
1198 2087 1268 2158 imo

58 2208 180 2272 notam
199 2197 401 2293 requisitum
419 2214 466 2271 est
485 2200 616 2292 pluries
636 2202 705 2293 (sol.
727 2202 791 2273 130
809 2212 858 2288 νο,
880 2201 942 2273 438
958 2211 1007 2286 v⁰,
1029 2201 1106 2287 443,
1133 2201 1197 2273 446
1216 2204 1266 2294 v⁰)

61 2317 270 2409 appositam,
289 2339 380 2409 quae
404 2317 745 2409 contrariarulgato
772 2342 790 2386 «
819 2317 1066 2409 requirendum
1095 2344 1112 2381 o
1146 2318 1269 2390 eodem

60 2453 168 2505 sensu
185 2432 343 2505 adhiberi
361 2433 500 2505 videtur
517 2442 621 2525 atque
642 2461 658 2498 «
675 2435 862 2526 recognovi
882 2461 899 2499 »
922 2433 981 2506 vel
1000 2460 1018 2498 «
1038 2432 1170 2505 eontuli
1190 2460 1221 2502 a.
1294 2514 1296 2518 μ

517 2764 693 2834 TABVLA
715 2765 806 2833 LVII

101 2987 263 3058 erasm.
284 2953 519 3058 bibliothecae
533 2986 685 3057 civitatis
699 2986 811 3057 codex
824 2987 851 3056 r
866 2985 942 3071 219,
959 2986 1018 3057 for.
1035 2986 1052 3056 r
1069 3005 1107 3057 vo
1124 3001 1133 3055 ι
1149 2984 1269 3059 oona-

60 3099 132 3170 sius
151 3121 196 3184 ex
213 3101 375 3171 versione
394 3100 514 3186 latina,
535 3101 597 3173 lib.
612 3106 654 3187 V,
668 3124 745 3194 eap.
762 3103 818 3172 4-4
838 3102 903 3192 [ed.
918 3104 960 3174 A.
975 3101 1142 3186 Molinier,
1159 3122 1193 3193 p.
1211 3100 1270 3172 86·

63 3214 102 3284 97
129 3215 168 3284 in
194 3218 335 3285 OEuoreo
361 3215 551 3304 d'oribase,
581 3241 615 3310 p.
646 3240 679 3310 p.
710 3216 943 3289 Bussemaker
974 3224 1009 3288 et
1037 3215 1266 3308 ratenberg,

62 3336 86 3399 t.
105 3330 172 3422 Vll.
1028 3345 1031 3351 ·

105 3533 107 3536 >
163 3509 186 3564 1.
202 3508 248 3566 Ee
260 3516 345 3577 Quen
357 3524 439 3570 suun
452 3525 548 3571 smne
562 3526 642 3572 nour
653 3527 683 3571 sr
696 3528 730 3571 ru
744 3526 842 3572 nurro
856 3528 909 3571 eu-

163 3618 346 3667 enrrunnus
359 3624 452 3668 rrrur
463 3625 551 3669 uena
564 3625 653 3669 sorr.
670 3613 831 3670 Gedrusos
847 3629 854 3668 ε
868 3612 964 3684 Signa
976 3624 1057 3682 quae

164 3710 241 3764 sunt
252 3707 336 3768 bona
350 3708 425 3767 siin
439 3707 697 3766 determinatione
711 3708 845 3766 febrium
860 3710 894 3765 in
907 3707 998 3765 initio

164 3806 372 3880 aegritudinis
386 3812 556 3878 appareant
569 3809 652 3865 mala
666 3810 743 3863 sunt
752 3806 933 3879 judicanda.

162 3905 304 3978 Digestio
317 3902 526 3976 aegritudinis
540 3919 604 3961 non
618 3904 654 3962 fit
664 3904 790 3978 quando
803 3920 877 3963 mox
890 3906 924 3962 in
937 3904 994 3962 ini·

164 4005 208 4061 tio
221 4016 302 4075 quae
313 4000 482 4059 bonasunt
495 4002 587 4074 signa
601 4007 758 4074 apparent,
774 4001 892 4060 hutiies
907 4006 1013 4059 autem

165 4114 234 4162 esse
249 4104 342 4173 signa
353 4098 562 4157 existimanda
575 4104 651 4157 sunt
664 4114 744 4172 quae
756 4114 858 4172 neque
872 4101 906 4155 in
920 4099 1011 4157 initio

166 4198 372 4274 aengtudinis
386 4210 489 4268 neque
501 4198 535 4253 iu
548 4201 754 4270 augmentum
766 4195 822 4253 sed
836 4197 870 4254 in
884 4202 970 4255 statu

163 4298 229 4371 jam
242 4296 419 4355 declinante
433 4298 583 4365 apparent
596 4295 688 4366 signe
701 4307 771 4351 esse
783 4292 867 4352 bona
879 4294 988 4352 existi·

865 4390 989 4451 menda.
