3082 5386
614 427 734 482 QUINTO
755 428 912 477 saecuto.

641 810 816 879 TABVLA
839 812 884 877 IV

203 1060 236 1127 l⁰
259 1061 426 1129 Plu1sus.
448 1053 683 1125 Bibliothecae
703 1053 836 1147 patriae
855 1054 930 1124 cod.
957 1056 1016 1125 lat.
1044 1054 1165 1140 10592,
1191 1053 1332 1124 101121
1359 1072 1367 1125 :

159 1174 326 1266 Cypriani
359 1172 515 1264 Epistola
548 1170 607 1254 63,
639 1170 680 1240 10
717 1169 784 1260 [ed.
816 1171 953 1254 Hartel,
985 1173 1086 1261 Corp.
1118 1169 1238 1262 script.
1268 1170 1370 1257 eccl,

159 1290 229 1360 vol.
248 1292 307 1372 ΙΙΙ,
326 1288 564 1371 vindobonae,
585 1286 683 1370 1871,
706 1308 740 1377 ρ.
763 1286 840 1369 708,
862 1285 1002 1370 att-709,
1023 1286 1090 1376 11].

664 1553 869 1612 educturum

264 1733 356 1791 modo
371 1738 403 1791 et
414 1734 544 1791 calicem
557 1737 641 1803 post·
827 1731 890 1788 nisi
905 1730 1014 1787 eadem
1027 1745 1108 1802 quae
1122 1731 1272 1790 Dominus

264 1847 360 1904 quam
375 1836 523 1890 cenatum
536 1833 586 1888 est
828 1827 901 1886 lecit
914 1843 972 1885 nos
986 1843 1107 1901 quoque
1121 1829 1216 1888 lacia-

264 1930 384 2001 accepit
397 1929 506 1987 dicens
523 1946 530 1984 :
545 1928 599 1985 hic
827 1941 901 1983 mus
915 1930 948 1983 et
961 1927 1090 1984 calicem
1104 1942 1191 1998 para-

264 2028 345 2086 calix
358 2042 478 2084 novum
491 2031 585 2083 testa·
828 2026 946 2081 tionem
960 2025 1129 2082 miscentes
1144 2026 1195 2083 di·'

264 2124 603 2182 mentumestinmeo
828 2122 1176 2194 vinomagisterionon

263 2221 430 2294 sanguiue,
446 2221 507 2280 hoc
520 2221 594 2279 faci·
828 2219 1022 2278 recedamus.

265 2326 295 2377 tc
310 2306 591 2392 quotienscumque
794 2309 846 2376 Ab
860 2319 1047 2392 euvangelio
1061 2319 1197 2377 salutem

263 2417 406 2475 biberitis
420 2417 453 2472 in
468 2431 571 2473 meam
827 2417 984 2488 praecepti
998 2431 1108 2473 somno
1121 2431 1185 2475 non

264 2514 596 2587 rememorationem
826 2512 1036 2571 recedendum
1050 2528 1120 2571 esse
1134 2519 1167 2571 et

157 2688 159 2690 q
263 2612 548 2684 quotienscumque
827 2610 937 2669 eadem
952 2626 1033 2682 quae
1046 2612 1197 2684 magister

264 2711 391 2770 ederitis
405 2726 520 2784 panem
534 2713 632 2769 istum
829 2713 938 2770 docuit
951 2719 982 2770 et
996 2702 1071 2769 lecit‘
1081 2709 1218 2781 discipu-

263 2816 295 2866 et
309 2809 438 2867 calicem
451 2809 605 2881 biberitis,
827 2812 874 2868 los
889 2823 1011 2882 quoque
1023 2809 1187 2867 observare

263 2914 396 2965 mortem
410 2908 535 2965 Domini
550 2908 672 2965 adnuu-
826 2913 859 2966 et
871 2908 972 2965 facere
985 2904 1097 2964 debere
1112 2920 1202 2964 cous·

263 3006 349 3063 tiatis
364 3005 581 3079 quoadusque
597 3020 650 3062 ve·
828 3006 949 3064 tentius
963 3010 995 3063 et
1008 3004 1120 3063 fortius
1134 3003 1196 3062 alio

263 3103 340 3160 niet.
827 3104 861 3160 in
875 3105 943 3161 loco
956 3103 1070 3160 heatus
1084 3104 1206 3174 aposto-

160 3191 292 3274 Quodsi
307 3215 327 3257 a
340 3200 472 3258 Domino
486 3201 638 3274 praecipi·
826 3203 878 3259 lus
892 3201 1008 3258 docens
1022 3199 1106 3258 dicet
1120 3216 1128 3256 t

192 3305 264 3357 atur
276 3305 309 3356 et
322 3299 362 3356 ab
377 3301 518 3371 apostolo
532 3301 603 3373 ejus
896 3299 989 3355 Miror
999 3296 1085 3370 quod
1098 3297 1145 3355 sic
1159 3301 1223 3354 tam

191 3394 350 3453 hocidem
365 3394 567 3454 confirmatur
898 3394 959 3452 cito
973 3393 1234 3452 demutaminiah

192 3499 224 3550 et
238 3493 382 3567 traditur,
396 3495 556 3567 quotiens·
897 3509 934 3551 eo
949 3493 1005 3566 qui
1018 3505 1075 3548 vos
1088 3491 1213 3554 vocavit
1231 3489 1271 3548 ad

193 3605 326 3664 cumque
338 3591 523 3663 biberimus
539 3592 573 3649 ln
898 3592 1030 3665 gratiam
1044 3589 1084 3648 ad
1097 3586 1185 3647 aliud
1196 3604 1251 3648 eu·

193 3690 522 3748 commemorationem
897 3689 1082 3763 vangelium
1097 3685 1183 3761 quod
1196 3701 1260 3744 non

191 3787 557 3847 Domtaihocfaciamue
572 3789 657 3861 quod
897 3784 1272 3844 estaliudnisieintali-

192 3883 266 3942 lecit
287 3890 320 3942 et
340 3885 500 3957 Dominus,
520 3886 704 3946 invenimus
898 3885 1094 3958 quiquivos
1109 3888 1232 3940 contur-

190 3983 564 4041 nonobservarianobis
897 3983 976 4040 bant
989 3988 1021 4040 et
1034 3982 1147 4039 volunt
1161 3994 1232 4038 con·

191 4082 308 4152 quam1
326 4080 512 4139 mandatum
527 4087 576 4140 est
896 4085 1016 4138 vertere
1029 4077 1232 4150 euangelium

199 4301 317 4374 Codex
348 4303 430 4372 olim
468 4304 628 4394 Seguerii
659 4303 876 4388 cancellarii,
907 4309 1028 4394 postea
1059 4298 1220 4371 abbatiae
1252 4297 1371 4369 Sancti

156 4419 318 4489 Germani
337 4439 359 4488 a
376 4419 488 4489 Pratis
519 4420 740 4505 Parieiensis‚
775 4419 917 4512 saepius
936 4438 957 4487 a
975 4415 1210 4488 Benedictinis
1237 4416 1365 4508 (Nouo.

188 4693 209 4744 l.
225 4693 318 4744 Postea
332 4706 400 4745 corr.
413 4693 495 4757 quod,
509 4690 604 4745 litteris
616 4691 669 4743 All
680 4707 792 4758 superne
804 4691 947 4760 expunctis.
