3082 5386
275 415 333 483 tii
655 435 886 486 snmnuomus
906 435 1099 486 scararum.

315 603 394 673 Jam
414 621 520 695 supra
538 601 610 674 tab.
631 605 706 689 bll,
727 624 806 697 pag.
827 603 927 676 92-93
951 604 995 677 de
1021 624 1062 676 eo
1087 604 1205 676 codice
1230 603 1371 677 Iocutus
1390 626 1482 677 sum.

273 716 371 798 Quod
385 716 429 789 ad
448 725 587 811 tempus
608 719 800 812 scripturae
819 720 956 806 attinet,
977 719 1102 794 addam
1121 743 1191 806 am,
1211 743 1277 806 cm,
1298 742 1360 794 om
1377 720 1485 814 sylla-

273 822 338 896 bas
360 823 434 896 sola
459 824 574 896 vocali
600 845 680 897 cum
702 825 831 898 lineola
856 828 893 897 in
917 827 1043 899 mediis
1070 827 1232 901 versibus
1250 826 1481 921 significatas,

274 959 355 1012 cum
373 947 497 1012 octavo
518 940 657 1014 saeculo
675 962 878 1035 congruere.

721 1243 897 1315 naevia
918 1243 1040 1315 XCVII

322 1485 491 1556 Panisus.
512 1481 746 1555 Bibliothecae
764 1483 896 1577 patriae
914 1483 993 1555 cod.
1017 1484 1078 1555 lat.
1097 1485 1186 1555 Nov.
1207 1504 1286 1576 aeq.
1307 1483 1410 1572 1629,
1428 1484 1486 1555 iol.

280 1599 323 1670 22
353 1616 362 1669 t
388 1599 553 1682 Isidorus,
585 1599 801 1685 Quaestiones
827 1602 862 1668 aia
892 1603 1071 1687 Numeros,
1099 1620 1175 1692 cap.
1206 1597 1306 1671 28-33
1343 1600 1487 1691 [iligna

278 1718 468 1800 LXXXIII,
490 1715 553 1786 352
573 1715 655 1807 sq.].

280 1911 396 1987 ligabis
409 1926 463 1970 eos
477 1918 509 1969 et
521 1913 644 1969 vinctos
658 1910 757 1969 ducis¹
772 1912 806 1968 in
818 1911 1042 1983 captivitatem,
1057 1915 1088 1968 et
1102 1909 1141 1968 de
1155 1910 1278 1968 ostibus
1293 1909 1455 1984 quondam

279 2009 378 2084 adque
392 2009 525 2082 captivis
538 2008 654 2066 liberos
663 2008 717 2066 Dei
727 2007 821 2066 iacies
835 2014 873 2066 ut
882 2013 1010 2078 repente
1024 2005 1111 2066 dicas
1125 2022 1198 2066 cum
1212 2008 1306 2066 Sion:
1322 2020 1382 2081 ego
1397 2012 1490 2064 stere-

279 2109 320 2166 lis
333 2114 366 2167 et
378 2123 442 2166 non
456 2108 589 2179 pariens,
605 2107 826 2179 transmigrata
835 2111 868 2163 et
881 2107 1014 2179 captiva,
1029 2113 1062 2164 et
1076 2112 1142 2164 stas
1156 2107 1211 2179 qui
1225 2105 1406 2164 enutririti

280 2220 337 2279 ego
352 2204 499 2264 distituta
511 2212 544 2263 et
557 2206 633 2272 sola,
644 2209 676 2262 et
690 2205 731 2262 sti
745 2203 802 2262 ubi
815 2204 932 2260 enmtt
944 2206 1035 2261 Porro
1049 2202 1134 2276 quod
1145 2205 1388 2275 interpretatum

280 2310 330 2363 est
343 2302 426 2361 illios
441 2302 582 2361 stridoris
597 2300 636 2360 ad
650 2303 743 2360 illum
756 2315 887 2359 sensum
901 2300 992 2358 refert
1006 2300 1092 2374 quod
1105 2301 1215 2358 timore
1228 2300 1391 2372 supplicii,

281 2401 397 2473 atejus
411 2400 472 2458 loci
486 2399 542 2457 ubi
556 2404 605 2457 est
618 2399 711 2456 fletus
725 2402 757 2456 et
770 2397 883 2457 stridor
896 2397 1049 2470 dentium,
1066 2397 1246 2456 deserentes
1258 2396 1378 2456 diaboli
1391 2397 1459 2456 vin-

281 2498 354 2556 cula
363 2497 480 2556 chriae
498 2497 628 2554 Domino
643 2492 839 2553 credentium
854 2494 944 2554 turbe
958 2495 1038 2555 colla
1051 2495 1251 2553 submittant.

282 2595 463 2654 vicensima
476 2608 560 2653 nona
573 2594 695 2652 mansio
709 2599 758 2650 est
772 2594 805 2649 in
819 2597 925 2650 monte
939 2590 1077 2665 tiadgad,
1091 2592 1146 2665 qui
1160 2594 1392 2664 interpr-anatur

283 2692 420 2752 nuntius
434 2692 502 2749 sive
515 2690 652 2749 adcintlo
666 2691 716 2749 vel
730 2695 812 2748 certe
826 2689 981 2762 concisio;
995 2691 1160 2747 nonenim
1173 2690 1264 2748 aliter
1277 2703 1391 2762 possu-

286 2803 360 2847 mus
373 2789 517 2863 magistri
532 2787 759 2860 discipulorum
773 2786 872 2861 adque
885 2787 1079 2846 credentium
1093 2801 1147 2845 eos
1161 2786 1260 2845 lacere
1273 2785 1358 2845 filios
1371 2804 1427 2847 ne·

286 2888 454 2958 cessitatis,
470 2887 533 2945 nisi
546 2891 741 2959 preceptores
755 2900 863 2944 comm
877 2885 1124 2944 interfecerimus
1137 2883 1386 2956 crudelissimos,

286 2987 320 3043 in
335 2986 490 3043 occisione
505 3000 613 3043 eornm
625 2999 689 3042 non
703 2989 810 3056 parem
823 2998 937 3042 manus
951 2988 1052 3041 nostm
1063 2998 1187 3041 armum
1199 2988 1256 3041 aut
1268 2989 1446 3042 extremum

287 3083 427 3141 auricula
443 3082 481 3141 de
495 3096 547 3140 ore
560 3083 662 3140 leonis
675 3081 846 3139 extrahere.
861 3080 910 3139 Ad
923 3095 996 3139 vero
1010 3080 1176 3139 denuntio
1190 3085 1222 3138 et
1235 3081 1385 3139 accintio-

287 3194 327 3238 ne
342 3180 401 3238 hec
414 3179 550 3238 breviter
563 3179 625 3238 dici
638 3184 743 3250 potest
756 3177 841 3252 quod
854 3177 929 3237 liliis
942 3179 1139 3236 necessitatis
1154 3177 1289 3251 grandes
1303 3176 1344 3236 ad

286 3278 421 3335 virtutes
435 3278 580 3335 stimulos
596 3291 814 3350 suggeramus,
830 3292 904 3334 cum
922 3278 968 3334 eis
982 3276 1235 3335 nuntiaverimus
1248 3276 1369 3347 premia

290 3374 466 3435 futurorum
480 3383 512 3434 et
525 3375 705 3447 accin[c]tos
719 3374 798 3432 inire
811 3373 895 3432 bella
907 3373 1126 3447 docuerimus;
1140 3373 1255 3430 horum
1267 3372 1364 3430 trium

283 3470 440 3545 quidquid
452 3474 603 3546 magister
616 3473 723 3530 fecerit
736 3472 769 3528 in
782 3477 888 3528 monte
902 3473 1056 3530 consistit.

317 3571 509 3628 Tricensima
522 3571 645 3629 mansio
661 3576 710 3627 est
722 3571 756 3627 in
770 3569 919 3643 letabata,
934 3584 996 3643 que
1010 3571 1232 3643 interpretatur
1244 3568 1337 3626 boni-

282 3673 341 3738 tas,
355 3680 418 3740 que
432 3673 481 3724 est
494 3667 641 3727 Christos.

316 3765 507 3823 Tricensima
520 3750 621 3835 prima
633 3765 756 3822 mansio
770 3765 866 3823 estin
880 3765 1011 3838 bibione,
1027 3781 1089 3839 que
1102 3767 1329 3838 interpretatur

283 3863 446 3935 transitus,
463 3861 495 3919 id
508 3868 557 3920 est
568 3860 719 3921 mundus.
734 3863 780 3920 De
794 3878 857 3936 quo
871 3865 1033 3936 apostolus
1046 3865 1092 3922 ait
1106 3882 1114 3919 :
1129 3864 1259 3922 Preterit
1271 3862 1358 3920 enim
1372 3859 1408 3918 fl-

283 3975 363 4034 gura
380 3959 479 4035 hujus
497 3959 672 4018 mundi.1n
690 3961 778 4019 hunc
790 3961 954 4019 venientes
968 3961 1067 4020 sancti
1081 3961 1137 4018 Dei
1153 3961 1288 4033 cupiunt
1306 3957 1348 4017 ad
1366 3957 1500 4017 meliora

284 4057 434 4130 transire;
450 4055 488 4115 de
502 4057 620 4130 qtuibus
633 4058 799 4130 psalmista
807 4059 909 4116 canit:
924 4059 963 4116 Et
976 4073 1040 4117 non
1055 4057 1203 4116 dixerunt
1217 4057 1273 4132 qui
1287 4071 1357 4130 pre-

283 4153 421 4214 teribant
435 4173 442 4213 :
457 4154 635 4215 benedictio
648 4156 771 4212 Domini
786 4169 882 4228 super
894 4169 961 4214 vos.
1183 4213 1184 4216 ,

283 4253 474 4312 Tricensima
486 4252 625 4312 secunda
638 4254 760 4311 mansio
774 4254 869 4311 estin
883 4252 1087 4328 asiongaber,
1101 4267 1183 4328 quoe
1197 4250 1342 4311 transfer

285 4355 338 4409 tur
358 4351 391 4408 in
414 4352 502 4424 ilgna
523 4352 592 4408 viri.
620 4353 756 4409 Possunt
769 4352 828 4409 hec
841 4343 929 4425 ligna
941 4352 1001 4410 viri
1021 4353 1139 4410 saltum
1153 4356 1185 4409 et
1199 4351 1343 4409 omnium
1358 4363 1407 4408 an

285 4446 398 4505 borum
411 4462 525 4521 genera
539 4449 778 4507 multitudinem
793 4451 937 4522 gentium
950 4448 1085 4522 figurare
1100 4460 1108 4523 ;
1124 4449 1291 4522 hucusque

287 4543 424 4603 solltudo
437 4547 535 4603 Faran
550 4545 658 4606 decem
672 4552 704 4604 et
716 4553 784 4607 octo
798 4549 940 4608 continet
953 4547 1146 4620 mansiones,
1163 4561 1224 4620 que
1237 4544 1372 4604 discrib-

317 4727 344 4782 1.
363 4727 438 4791 Qorr.
456 4729 545 4782 duces.
