3082 5386
619 398 757 452 serriuo
778 397 935 453 elocuto.

315 577 386 650 quia
399 575 525 634 fratrem
539 588 603 632 non
617 572 773 633 audemus
788 570 901 644 dicere,
916 587 968 630 ex·

315 674 461 732 allabitur
473 673 559 730 sicut
572 672 683 730 civitas
698 681 829 743 magna3
840 676 873 728 et
886 675 922 728 tu
937 671 1005 743 qui·

314 770 382 829 dem
398 785 494 843 super
507 774 647 827 montem
662 767 825 826 aedificata
839 768 951 826 civitae

313 884 354 941 es,
369 871 421 927 vel
435 882 568 926 accensa
581 881 678 938 super
690 865 913 924 candelabrum
927 868 1027 925 lucer·

311 981 351 1024 na
365 967 400 1023 in
416 965 588 1038 septiformi
603 964 744 1023 claritate
756 965 914 1035 conlucee,
929 978 988 1021 nos

312 1065 369 1123 sub
384 1063 490 1122 modio
504 1067 703 1134 peccatorum
717 1061 945 1120 delitescimus.
965 1063 1018 1119 Vi·

311 1169 378 1222 sela
391 1162 506 1220 litteris
521 1163 599 1231 tuis,
614 1160 716 1233 profer
729 1161 763 1217 in
778 1160 883 1218 lucem
895 1161 929 1217 in
943 1175 1007 1233 qua

312 1263 378 1334 ipse
389 1261 536 1330 versaris,
552 1273 647 1330 super
660 1272 755 1315 aurea
769 1257 957 1316 candelabra

312 1359 512 1431 conspicuus.
526 1357 658 1429 Eloquia
672 1361 728 1413 tua
741 1357 851 1413 lumen
865 1357 988 1413 semitis

309 1458 426 1515 nostris
438 1460 541 1526 erunt,
556 1459 590 1511 et
601 1455 669 1511 oleo
683 1454 829 1511 lucernae
841 1457 914 1510 tuae
927 1455 975 1510 in-

309 1554 516 1629 pinguabitur
530 1558 625 1624 caput
638 1557 799 1622 nostrum3
815 1556 847 1608 et
861 1566 969 1610 accen-

310 1652 402 1710 detur
415 1650 494 1708 fides
509 1665 582 1708 eum
596 1648 635 1706 de
649 1649 764 1720 spiritu
778 1650 840 1706 oris
855 1650 902 1706 tui
917 1650 1023 1707 cibum
1037 1665 1125 1708 men-

309 1750 350 1809 tis
364 1753 397 1807 et
409 1749 520 1806 lumen
535 1748 659 1805 animae
673 1748 914 1819 sumpserimus.
929 1749 993 1804 Pax

309 1854 341 1905 et
354 1849 455 1922 gratia
468 1847 522 1903 Dei
537 1850 643 1904 tecum
657 1850 689 1903 et
703 1858 816 1903 corona
826 1845 969 1918 justitiae

308 1946 365 2004 tibi
379 1949 507 2003 maneat
521 1945 554 2001 in
569 1943 620 2001 die
634 1944 700 2016 illo,
714 1943 842 2000 Domine
857 1948 945 2015 pater
957 1944 1048 2000 meri-

308 2049 340 2102 to
354 2043 559 2101 dilectissime
573 2041 761 2100 venerabilis
776 2047 808 2099 et
821 2046 947 2112 exopta·

307 2142 440 2198 tissime.
454 2138 642 2197 Benedictos
657 2139 832 2196 sanctitatis
847 2143 920 2195 tuae
935 2137 1031 2196 comi·

308 2244 355 2296 tes
369 2243 402 2297 et
415 2238 623 2296 aemulatores
637 2236 812 2293 innomine
827 2235 935 2292 fratres

211 2459 325 2530 Codex
354 2458 491 2530 celeber
518 2459 618 2549 cnjus
650 2457 805 2529 fasciculi
834 2456 963 2547 singuli
996 2477 1066 2528 uno
1094 2457 1177 2528 folio
1205 2458 1376 2530 membra·

174 2595 271 2646 naceo
300 2583 469 2665 quaterna
503 2574 586 2644 iolla
612 2574 761 2644 corticea
792 2572 969 2665 operiente
1001 2581 1174 2643 constant.
1209 2574 1378 2664 Ejusdem

174 2711 246 2780 pars
265 2690 375 2760 altera
393 2689 431 2758 in
448 2687 664 2758 Bibliotheca
686 2688 838 2758 civitatis
858 2688 1072 2758 Genavensie
1102 2686 1174 2778 (ubi
1193 2689 1378 2778 quiniones

170 2806 406 2894 XXIV·XXX)
422 2813 632 2880 asservatur.
657 2809 739 2876 Post
759 2803 1005 2873 Benedictinos
1025 2804 1147 2891 (Nouo.
1169 2803 1280 2888 traice,
1303 2813 1330 2874 t.
1351 2808 1379 2889 l,

168 2940 197 3010 p.
225 2922 288 2991 487
317 2929 353 2992 et
380 2921 427 3014 pl.
461 2922 534 3012 Ill),
566 2921 733 2989 Amatum
763 2918 1149 3009 Gbampollion·Figeac
1170 2920 1321 3012 (Chartae
1343 2935 1377 2992 et

167 3058 240 3105 mss.
261 3059 321 3105 rur
335 3058 503 3129 pappruo,
531 3035 579 3127 pl.
609 3037 703 3118 XIII,
723 3037 816 3120 XVI,
847 3036 922 3119 XV,
949 3037 1014 3103 XV
1042 3033 1127 3125 bis),
1155 3036 1316 3107 Natalem
1336 3038 1379 3110 de

167 3151 294 3243 Wailly
314 3140 436 3242 (Elem.
459 3150 500 3220 de
525 3150 782 3243 paldopropbie,
811 3150 858 3240 pl.
889 3153 932 3235 ΙΙ,
962 3160 1000 3218 n⁰
1024 3151 1071 3241 b),
1097 3151 1264 3224 Silvestre
1284 3153 1375 3244 (Pol.
1482 3141 1484 3145 ¹

169 3266 280 3352 unia,
318 3267 367 3358 pl.
398 3266 488 3359 107),
519 3268 597 3338 fuse
633 3267 676 3338 de
705 3267 827 3337 eodem
856 3267 929 3356 egit
968 3265 1141 3338 Henr'icue
1168 3268 1311 3339 Bordier
1341 3271 1378 3340 in

164 3371 291 3451 brudei
325 3382 635 3475 paldoprapbiques
670 3395 703 3451 ct
736 3382 935 3474 historiques
962 3405 1020 3451 snr
1056 3383 1112 3453 deo
1143 3406 1298 3477 papyrus
1330 3385 1377 3455 do

165 3515 212 3569 vl⁰
229 3498 342 3582 siecle,
360 3500 514 3584 Geneve,
535 3498 635 3586 1866,
657 3520 690 3589 p.
712 3498 870 3569 loe-iel.

205 3614 350 3685 Librum
373 3615 545 3706 integrum
567 3614 611 3684 ad
639 3613 820 3684 ecclesiam
851 3613 969 3683 Sancti
994 3615 1087 3684 lusti
1115 3615 1375 3687 Narbonensem

165 3730 370 3820 pertinuisse
407 3737 553 3799 constat.
585 3730 764 3821 Scriptura
799 3728 946 3799 uncialis
975 3727 1193 3822 plerumque,
1223 3732 1376 3802 semiun-

164 3845 260 3916 cialis
279 3865 356 3915 raro
372 3846 533 3915 occurrit.
553 3850 758 3936 Quanquam
777 3845 888 3929 multi,
909 3845 1061 3916 verendo
1081 3846 1210 3917 codicis
1230 3854 1374 3939 aspectu

163 3962 256 4042 moli.
279 3981 360 4031 eum
378 3969 478 4031 sexto
504 3960 643 4032 saeculo
671 3961 839 4054 scriptum
867 3961 1042 4048 dixerunt,
1072 3963 1277 4055 compendia
1302 3965 1374 4055 syl·

162 4075 259 4148 labae
282 4099 340 4145 um
364 4077 401 4147 in
431 4077 556 4147 mediis
584 4077 756 4162 versibus,
785 4086 954 4169 punctum
982 4098 1088 4171 supra
1115 4099 1139 4149 r
1166 4081 1317 4175 positum
1337 4089 1373 4152 et

161 4192 296 4262 numeri
320 4193 588 4282 quaternionum
616 4193 654 4263 in
680 4193 795 4263 media
821 4193 883 4263 imi
902 4193 1071 4284 marginis
1101 4204 1199 4286 parte
1224 4197 1372 4288 appositi

160 4328 214 4379 me
233 4306 429 4399 impediunt
444 4309 529 4399 quin
551 4306 697 4379 candem
714 4318 794 4380 ante
808 4308 915 4380 finem
929 4310 1068 4401 septimi
1083 4311 1142 4382 vel
1160 4311 1370 4403 principium

161 4424 271 4496 octavi
287 4423 419 4494 saeculi
438 4431 621 4494 exaratum
650 4444 727 4496 esse
757 4434 886 4518 putem.
916 4429 996 4501 Iam
1020 4427 1168 4518 septimo
1189 4427 1367 4503 Iohannes

159 4539 323 4611 llabillon
342 4539 568 4625 assentiebat,
585 4541 783 4612 Bernartius
802 4543 1023 4613 Moutlouoon
1042 4563 1113 4613 non
1131 4544 1361 4636 repugnabat.
