3082 5386
516 434 653 486 smrmo
674 435 830 485 sentuno.
1238 418 1279 483 63

139 607 193 665 nia
204 606 379 665 libamenta
390 619 430 664 ex
443 605 588 664 omnibus
772 605 813 662 ad
825 603 1037 663 ministerium
1051 604 1187 677 Domini,

138 702 409 778 quaeolieruutur
421 719 523 764 saeer-
702 705 806 761 eterit
823 704 1017 761 cislocusin
1032 702 1142 761 domos

139 801 250 861 dotum
262 808 366 875 erunt,
772 809 805 859 et
819 803 852 859 in
866 802 1079 859 sanctuarium
1093 801 1277 873 sancitati&

52 901 97 955 et
111 901 273 971 primitiva
286 899 428 958 ciborum
446 912 518 957 ves·
701 901 966 972 vigintiquinque
979 901 1133 958 miliaau·

137 1003 257 1056 trorum
275 997 392 1055 dabitis
406 1011 508 1055 sacer-
774 1005 837 1056 tem
851 997 1061 1071 longitudinis
1077 1004 1109 1055 et

136 1093 505 1167 dotiutreponatbenc·
773 1095 881 1154 decem
895 1095 1134 1154 milialatitudi·

135 1190 309 1249 dictionem
322 1190 431 1249 domui
443 1205 530 1262 suae;
773 1196 824 1251 nis
838 1200 931 1251 erunt
944 1195 1060 1266 levitis,

49 1298 159 1348 omne
173 1289 377 1349 morticinum
391 1293 424 1347 et
435 1303 506 1361 cap·
702 1291 757 1365 qui
772 1292 952 1349 ministrant
966 1291 1074 1350 domui
1089 1292 1133 1363 ip-

106 1529 362 1619 Fragmentum
388 1527 521 1600 Bibliae
548 1527 620 1618 (vel
641 1528 735 1600 Libn
763 1528 1026 1622 Prophetarum)
1055 1549 1118 1621 per
1139 1528 1215 1602 oola
1244 1537 1283 1602 et

48 1651 240 1714 commata
257 1644 420 1736 scriptae,
440 1645 542 1737 cujus
559 1652 679 1717 textus
697 1645 826 1737 optime
845 1667 925 1717 cum
946 1646 1121 1717 Amiatino
1141 1666 1286 1718 concor-

49 1759 137 1830 dat.
158 1760 210 1829 Gi.
230 1759 345 1829 Bittio
361 1783 460 1830 sacra
480 1760 718 1830 latinovetem’s
735 1763 994 1846 Testamenta...
1011 1761 1066 1833 ed.
1079 1761 1143 1832 Th.
1161 1764 1282 1854 Heyse

54 1926 111 1945 ...
137 1882 173 1946 et
191 1875 440 1946 Constantinus
459 1876 502 1948 de
520 1875 749 1948 Tischendori
765 1879 887 1970 (lips,
910 1877 1020 1970 1873),
1037 1899 1072 1970 p.
1089 1877 1166 1947 876.

106 1994 182 2063 Sex
199 1998 337 2063 tantum
355 1992 448 2077 folia,
472 2012 518 2064 ne
540 1993 679 2084 integra
701 1994 855 2084 quidem,
876 2002 911 2066 et
934 1995 1127 2065 maximam
1144 2002 1282 2086 partem

55 2128 216 2194 corrosa,
228 2114 429 2200 supersunt.
442 2108 513 2179 iol.
526 2109 568 2179 25
583 2109 620 2179 in
634 2110 792 2200 margine
801 2110 981 2180 invenitur
994 2117 1077 2180 nota
1091 2127 1100 2179 ε
1115 2109 1282 2202 illimis]

55 2223 250 2293 monachus
269 2224 324 2316 (ea
343 2244 428 2295 voce
446 2226 538 2294 notis
556 2225 738 2295 tironianis
757 2228 947 2318 expressa).
968 2229 1127 2296 Fortasse
1155 2244 1285 2296 nomen

58 2360 169 2411 snum
183 2340 364 2431 inscripsit
374 2339 512 2411 saeculo
526 2361 616 2410 nono
629 2341 724 2413 idem
738 2340 928 2436 monachus
942 2341 1159 2413 Miciacensis
1183 2342 1285 2434 cujus

60 2477 171 2549 supra
190 2457 273 2549 (tab.
294 2459 386 2540 XIV,
408 2456 454 2546 1·)
474 2457 687 2528 mentionem
705 2458 861 2528 fecimus.
887 2457 987 2528 Unde
1006 2456 1175 2536 dubitatio
1198 2478 1283 2529 nas·

62 2572 156 2645 citur
173 2581 292 2644 utrum
309 2574 517 2664 fragmentis
536 2568 697 2645 omnibus
724 2596 744 2645 a
770 2574 909 2644 domino
936 2573 1064 2644 Ghazal
1087 2573 1125 2644 in
1145 2572 1282 2646 codices

64 2689 107 2759 16
127 2696 163 2759 et
181 2688 245 2759 169
264 2687 419 2760 collectis
437 2688 666 2760 Floriacensis
686 2710 732 2759 an
745 2689 965 2761 Miciacensis
979 2690 1075 2781 origo
1090 2690 1137 2760 sit
1156 2709 1283 2782 agnos·

66 2791 188 2876 cende.
200 2806 246 2875 At
259 2812 431 2897 quantum
443 2804 486 2875 ad
499 2804 674 2877 scribendi
687 2826 798 2896 genus
813 2805 1045 2896 parvissimi,
1063 2827 1144 2876 cum
1158 2805 1283 2880 modus

66 2921 198 2992 velers
216 2919 384 2991 librorum
403 2918 696 2993 conficiendorum
715 2920 876 2993 similiter
893 2921 929 2991 in
948 2929 1096 3014 utroque
1115 2920 1279 2994 coenobio

67 3036 232 3129 viguerit.

508 3341 686 3455 'lABvLA
712 3342 847 3409 XXXV

109 3591 326 3661 Attenuant.
352 3588 588 3660 Bibliothecae
616 3589 768 3659 civitatis
798 3587 908 3658 codex
935 3597 972 3658 n⁰
1000 3588 1041 3658 16
1074 3589 1180 3680 (nunc
1209 3590 1280 3681 19),
1302 3561 1304 3567 ⁸

72 3704 126 3777 tol.
146 3705 245 3776 31ηο
267 3721 275 3774 τ
296 3704 396 3774 Pauli
416 3704 557 3797 epistola
576 3702 625 3773 ad
640 3703 873 3796 Philippenses
891 3706 919 3789 Ι,
940 3703 1056 3777 15-28.

138 3927 187 3979 ter
197 3920 314 3978 bonam
328 3896 475 3978 volunta·
773 3918 839 3974 slve
854 3932 908 3989 per
921 3923 1054 3974 mortem
1080 3899 1083 3907 ’

137 4025 203 4078 tem
218 4018 373 4079 christum
387 4016 579 4089 praedicant.
702 4015 782 4073 mihi
795 4016 880 4072 enim
891 4016 996 4072 vivere
1006 4015 1144 4074 Christus
1158 4021 1208 4074 est

72 4119 198 4192 quidam
212 4132 252 4177 ex
265 4117 394 4176 caritate
773 4119 805 4170 et
818 4114 897 4170 mori
911 4115 1037 4171 luorum

73 4216 206 4274 solentes
220 4216 370 4288 quoniam
384 4214 420 4270 in
703 4209 788 4283 quod
802 4211 829 4267 si
843 4212 948 4268 vivere
962 4211 996 4268 in
1010 4224 1103 4268 carne

139 4313 354 4373 defensionem
374 4326 469 4370 cuan-
774 4308 827 4367 hic
840 4309 920 4366 mihi
934 4308 1056 4367 fructus

139 4412 214 4486 gelli
228 4411 352 4483 positus
366 4423 449 4480 sum,
775 4407 877 4478 operis
891 4420 952 4479 est‚·
965 4406 1088 4480 etquid

74 4509 200 4584 quidam
214 4523 254 4567 ex
271 4506 444 4566 contentio·
774 4504 890 4577 eligam
904 4504 1024 4576 ignoro.

140 4623 180 4666 no
194 4606 349 4668 Christum
361 4604 553 4662 adnuntiant
704 4608 823 4660 coartor
835 4606 943 4658 autem
957 4617 974 4658 e
988 4600 1111 4659 duobus
1226 4670 1228 4675 .

140 4722 205 4766 non
218 4706 350 4776 sincere,
775 4698 1102 4760 desideriumhabens
