3082 5386
535 441 662 492 OCTAVO
682 442 838 493 sancum.

111 612 237 671 eosdem
250 611 348 670 libros
362 612 473 683 editos,
489 610 546 669 sed
559 611 680 670 ablatos
693 612 879 685 priusquam
892 611 971 669 mihi
989 610 1129 669 editione

110 725 180 768 mea
192 710 283 783 digni
298 709 495 782 viderentur;
509 723 621 767 verum
635 711 808 767 multorum
823 709 954 767 fratrum
968 707 1062 766 vehe·

111 808 310 865 mantissima
323 809 535 878 postulatione
548 812 581 864 et
594 808 729 864 maxime
745 813 801 865 tua
810 807 955 880 jussione
970 820 1053 863 oom-

109 906 224 976 pulsus
238 920 319 977 opus
331 911 396 963 tam
409 905 611 977 laboriosum,
627 903 797 978 adjuvante
810 905 950 976 Domino,
967 904 1135 962 terminare

110 1004 218 1060 curavi
229 1018 347 1075 eosque
361 1001 544 1061 emendatos
558 1017 622 1060 non
636 1008 673 1060 ut
685 1004 773 1061 volui
788 1002 844 1060 sed
858 1008 895 1060 ut
909 1003 1012 1073 potui.
1031 1003 1077 1061 Ne

109 1100 226 1159 abillis
240 1103 294 1174 qui
310 1101 451 1172 subrepti
460 1101 527 1175 jam
540 1102 574 1158 in
588 1116 703 1158 manus
717 1099 884 1158 hominum
898 1102 1048 1171 exierant,
1064 1102 1135 1171 plu·

108 1199 226 1255 rimum
240 1198 461 1271 discreparent,
477 1199 671 1256 venerationi
686 1203 759 1256 tuae
773 1213 829 1269 per
839 1197 943 1255 filium
957 1212 1035 1255 nos·

108 1300 193 1353 trum
208 1295 437 1353 condiaconum
455 1296 655 1354 carissimum
666 1296 740 1353 misi
755 1303 786 1352 et
801 1295 992 1368 cuicumque
1007 1310 1063 1353 au·

108 1392 242 1452 diendos
256 1393 406 1466 legendos
420 1392 602 1451 scribendos
617 1393 769 1464 permisit.
785 1394 821 1450 In
836 1392 996 1465 quibus‘si
1013 1407 1076 1450 ser·

107 1492 175 1548 vari
186 1505 259 1549 mea
271 1491 435 1563 dispositio
447 1493 614 1564 potuisset,
630 1495 737 1549 essent
751 1490 887 1562 profecto
902 1495 934 1547 et
947 1491 975 1548 si
990 1489 1117 1548 easdem

107 1589 283 1646 sententias
297 1588 451 1646 habentes
465 1590 567 1646 multo
582 1595 688 1646 tamen
702 1586 898 1646 enodatiores
920 1593 1015 1660 atque
1027 1589 1128 1659 plani·

105 1700 177 1744 ores
191 1692 348 1759 quantum
361 1701 466 1745 rerum
478 1692 639 1745 tantarum
652 1685 910 1759 explicandarum
925 1685 1104 1745 difficultas

112 1915 236 1987 Codex
253 1916 404 2008 priscam
422 1894 688 2009 inscriptionem
706 1915 870 2007 praebet:
890 1941 906 1978 ιι
923 1915 1027 1987 Liber
1038 1916 1150 1986 sancti
1164 1917 1290 2009 Kylia·

55 2042 106 2112 ni
135 2041 176 2111 in
203 2040 414 2134 Wirceburg
447 2071 476 2110 ».
517 2040 782 2133 Herhipolitana
821 2040 994 2132 originem
1025 2039 1149 2133 probat
1182 2041 1289 2113 etiam

55 2165 156 2229 nota
175 2155 248 2226 folii
267 2157 283 2226 1
305 2165 342 2226 v⁰
362 2156 501 2227 saeculo
519 2177 611 2226 nono
630 2155 819 2247 apposita¹.

111 2272 249 2344 Partim
266 2271 477 2357 uncialibus,
498 2271 624 2364 partim
642 2269 929 2342 semiuncialibus
952 2271 1104 2363 scriptus
1129 2279 1183 2343 est
1209 2291 1290 2342 sae-

57 2391 163 2473 culo,
192 2396 233 2458 ut
259 2387 345 2458 mihi
370 2389 527 2474 videtur,
555 2393 694 2465 octavo,
729 2407 809 2457 eum
836 2387 1084 2478 quaterniones
1111 2387 1149 2458 in
1177 2387 1290 2458 medio

57 2504 234 2596 margine
252 2503 396 2575 ultimae
415 2505 565 2596 paginae
585 2504 713 2595 signati
733 2504 814 2573 sint.
839 2502 995 2574 Initiales
1018 2503 1155 2575 litterae
1184 2503 1288 2574 rubro

58 2620 176 2692 viridi
198 2639 335 2690 necnon
357 2618 449 2690 ssavo
471 2619 586 2690 colore
605 2619 762 2711 depictae
780 2619 1056 2710 Merovingicum
1070 2619 1186 2691 adhuc
1210 2640 1290 2711 gus-

60 2745 148 2808 tum
166 2735 337 2806 indicant.

552 3087 727 3157 TABVLA
746 3089 821 3155 LIII

117 3339 264 3406 acum.
286 3330 523 3403 Bibliothecae
539 3332 700 3423 publicae
719 3352 738 3402 e
756 3330 894 3402 Victore
910 3330 1139 3402 Emmanuele
1156 3350 1295 3402 nuncu-

74 3458 177 3543 patae
205 3449 315 3520 codex
352 3447 453 3531 2106,
489 3447 547 3517 iol.
582 3448 631 3516 ol·
655 3458 692 3517 v⁰
727 3465 734 3516 :
765 3447 954 3538 Augustini
985 3442 1181 3537 Speculum,
1215 3466 1291 3538 cap.

78 3565 180 3636 32-33
201 3565 269 3655 [ed.
289 3561 481 3641 Weihrich,
503 3565 603 3656 Gorp.
623 3583 689 3633 scr.
703 3563 840 3649 eccl.‚t.
861 3565 939 3647 ΧΙΙ,
958 3585 991 3654 p.
1013 3562 1091 3646 tta,
1113 3561 1230 3648 o-ltl,
1251 3563 1296 3651 7]-

235 3760 436 3832 disciplinam
450 3759 565 3817 defecit
579 3758 657 3816 fides
672 3758 711 3816 de
726 3774 778 3816 ore
792 3760 944 3830 ipsorum.
1040 3793 1043 3798 -

235 3859 314 3915 item
327 3859 360 3914 in
374 3858 471 3914 Amos
482 3857 596 3928 profeta
613 3875 619 3914 :
635 3855 730 3913 hodio
744 3857 926 3913 habuerunt
939 3871 1075 3928 arguen-

236 3961 300 4014 tem
314 3957 348 4012 in
359 3956 457 4027 portis
471 3961 503 4012 et
518 3955 651 4012 verbum
666 3955 899 4026 aequissimum

236 4054 408 4111 abominati
423 4057 509 4110 sunt.
523 4054 601 4109 Item
614 4054 631 4108 J
633 4052 672 4108 ob
689 4069 695 4108 :
710 4052 828 4108 Beatus
842 4049 937 4107 homo

237 4166 332 4224 quem
347 4154 458 4223 arguet
471 4149 623 4206 Dominus
636 4149 712 4221 quia
726 4149 876 4219 correptio
891 4148 1035 4219 omnipo·

238 4249 334 4306 tentis
345 4248 400 4304 Dei
414 4248 501 4305 salus
513 4251 572 4304 est.
588 4248 666 4303 Item
680 4247 714 4302 in
728 4246 872 4303 Ezechiel
887 4244 1003 4316 profeta
1018 4263 1025 4302 :
1040 4247 1103 4302 Do·
1199 4247 1203 4255 '

237 4359 311 4403 mus
325 4343 481 4417 lsltirahel
494 4345 609 4401 nolunt
623 4342 732 4401 audire
744 4348 774 4400 te
787 4343 863 4415 quia
875 4356 933 4399 no·

114 4549 135 4599 l.
150 4569 163 4597 ιι
179 4547 208 4599 si
221 4562 300 4612 mors,
319 4547 389 4613 quod
401 4547 474 4607 absit,
489 4547 622 4610 inopinata
637 4561 715 4610 super
730 4544 882 4596 familiarem
896 4543 1009 4595 amicum
1023 4550 1142 4594 nostrum
1156 4545 1298 4611 ingruerit,

87 4626 174 4692 adjuro
187 4643 233 4692 per
247 4625 386 4678 Dominum
400 4623 602 4690 omnipotentem
616 4625 691 4675 illum
707 4624 735 4673 in
749 4623 822 4688 cujus
845 4622 912 4675 liber
934 4623 984 4673 iste
1007 4623 1038 4673 de
1060 4629 1151 4675 sancta
1172 4622 1298 4676 'ibinitato

88 4704 152 4758 beati
163 4705 303 4772 Augustini
316 4703 463 4770 pervenerit
475 4719 578 4767 manus,
592 4703 672 4756 faciat
685 4717 744 4761 eum
761 4710 850 4754 sancto
864 4701 968 4753 Kiliano
979 4701 1083 4773 restitui
1097 4722 1119 4754 o.
