3082 5386
527 426 665 477 emmo
684 426 842 476 saronae.
1252 408 1291 472 tt

84 597 165 670 chus
184 617 207 668 a
224 596 398 689 Leopoldo
416 595 544 668 Delisle
558 597 753 690 patefactus
768 603 803 667 et
816 595 861 667 ab
874 595 1002 689 Ulysse
1022 593 1149 665 Robert
1162 593 1306 677 editus,-

84 715 187 786 codex
212 713 409 784 orationum
438 712 613 784 Ciceronis
637 713 675 782 in
697 711 848 784 Basilica
874 713 911 782 S.
937 710 1031 783 Petri
1059 712 1188 781 Romae
1220 729 1295 781 ser·

82 839 180 901 vatus
200 830 256 922 (ci.
276 828 436 921 Ραὶέοᾳν.
454 827 512 897 des
535 826 631 898 class.
652 828 730 915 lat,
750 828 797 921 pl.
820 829 959 919 XXVI),
984 845 1031 897 ne
1049 798 1097 898 de
1116 825 1296 897 Psalteriis

84 944 188 1016 verba
206 944 392 1016 iaciamus.

122 1062 170 1131 Ut
186 1061 225 1132 in
243 1059 483 1151 Lugdunensi‚
496 1059 547 1130 ita
563 1059 601 1130 in
619 1058 862 1131 Aurelianensi
881 1064 1010 1151 puncta
1029 1057 1149 1128 circini
1170 1078 1296 1129 secun·

87 1176 162 1247 dam
184 1176 278 1248 inter
296 1183 333 1248 et
348 1176 489 1248 tertiam
505 1175 704 1248 columnam
719 1184 899 1268 apparent.

522 1532 700 1602 TABVLA
735 1532 865 1600 XXVII

127 1757 350 1825 Auertitur.
383 1750 621 1823 Bibliothecae
652 1751 806 1822 civitatis
834 1751 944 1823 codex
975 1761 1012 1821 n⁰
1039 1750 1103 1821 169
1132 1751 1180 1842 (in
1206 1771 1297 1822 novo

93 1871 193 1943 catal.
210 1870 302 1963 192),
319 1869 378 1941 fol.
398 1870 441 1939 27
455 1878 492 1941 v·
508 1887 517 1943 :
532 1870 769 1961 Hieronymus
784 1869 822 1938 in
834 1869 1030 1955 Jeremiom,
1046 1867 1108 1938 lib.
1125 1871 1153 1954 1,
1169 1889 1246 1963 cap.
1259 1888 1299 1954 11,

92 2010 122 2059 v.
141 1986 244 2058 12-13
266 1985 410 2078 [higna
431 1989 558 2072 XXIV,
580 1985 669 2076 titt.

139 2182 328 2242 desolamini
342 2166 554 2256 vehementer,
575 2182 652 2241 dicit
664 2182 824 2255 Dominum
844 2181 907 2241 duo
927 2181 1013 2239 enim
1026 2181 1111 2239 mala
1128 2179 1201 2239 iecit
1214 2195 1268 2252 po·

140 2282 237 2353 pulus
249 2294 342 2338 meus
357 2297 365 2338 ε
381 2295 433 2337 mc
447 2279 685 2353 dereliquerumt
696 2280 815 2338 iontem
828 2294 928 2352 aquae
941 2281 1031 2338 vivae

142 2383 174 2435 et
187 2376 335 2435 foderunt
348 2377 411 2435 sihi
431 2379 582 2435 cisternas
597 2377 776 2450 dissipatas,
788 2392 868 2449 quae
880 2380 1038 2436 continere

140 2490 205 2533 non
217 2477 326 2533 valent
337 2488 450 2547 aquas.
469 2476 552 2532 LXX
567 2492 574 2532 :
590 2475 751 2546 Obstipuit
764 2477 887 2533 caelum
902 2490 996 2547 super
1009 2476 1069 2534 hoc
1088 2478 1181 2534 etin-

140 2573 264 2631 horruit
276 2578 364 2631 extra
376 2570 508 2630 modum
522 2579 556 2630 et
566 2573 778 2644 vehementer,
795 2579 896 2630 cetera
909 2574 1063 2632 similiter.

98 2659 252 2750 [C]aelum
266 2669 319 2726 cui
333 2668 455 2727 dictum
469 2675 518 2727 est
533 2687 540 2726 z
561 2667 696 2727 adtende
708 2671 832 2727 caelum
845 2677 877 2728 et
889 2672 1009 2744 loquar,
1023 2677 1055 2728 et
1070 2688 1077 2728 :
1093 2671 1168 2729 audi

107 2770 127 2809 V
140 2769 264 2827 caelum
278 2773 311 2825 et
324 2767 456 2826 auribus
470 2769 595 2841 percipe
608 2774 697 2841 terra,
711 2768 823 2825 videns
834 2769 889 2825 Dei
903 2775 1067 2841 praccepta

140 2867 270 2935 calcata,
284 2865 472 2924 inhorrescit
486 2870 518 2923 et
532 2871 693 2938 stuporem
707 2864 909 2925 dissimulare
922 2882 987 2924 non
1002 2874 1125 2940 potest:

96 2951 254 3043 [0]mnes¹
264 2965 351 3022 enim
365 2969 507 3023 creatura
520 2965 733 3037 congemescit
744 2970 776 3021 et
789 2963 934 3023 condolet
945 2979 1040 3037 super

139 3063 279 3135 peccatis
292 3062 497 3134 hom[i]num.
515 3062 584 3119 Duo
599 3066 706 3119 autem
720 3063 858 3134 populus
869 3063 925 3119 Dei
938 3062 1012 3121 iecit
1025 3063 1165 3136 adversa,

140 3160 278 3232 primum
294 3165 331 3218 ut
344 3160 560 3232 relinquerent
573 3160 671 3216 Deum
690 3160 744 3232 qui
759 3166 808 3217 est
822 3159 891 3217 fons
905 3161 988 3218 vitae
1004 3166 1036 3218 et
1049 3176 1139 3233 prae·

141 3263 268 3330 ceptum
282 3256 371 3315 dedit
382 3257 490 3315 dicens
507 3258 592 3331 :Ego
610 3257 759 3314 Dominus
774 3258 854 3315 Deus
869 3263 956 3330 tuus,
970 3260 1025 3330 qui
1039 3258 1135 3315 eduxi
1150 3258 1231 3316 tede
1246 3263 1305 3315 ter-

142 3369 176 3412 ra
189 3354 339 3428 Aegypti.
355 3352 537 3412 Secundum
552 3341 637 3426 duod
651 3355 685 3411 in
700 3355 809 3412 eodem
824 3356 891 3413 loco
904 3356 1056 3427 scriptum

143 3457 191 3509 est
207 3468 214 3509 :
234 3453 303 3511 Non
318 3452 384 3510 sint
397 3451 456 3509 tihi
469 3450 503 3509 di
516 3452 552 3509 in
564 3458 736 3523 conspectu
750 3467 830 3510 meo.
845 3455 903 3510 Pro
917 3467 980 3525 quo
994 3468 1111 3526 sequu-

143 3553 195 3607 tus
210 3555 260 3608 est
272 3547 443 3608 daemonas
458 3563 537 3622 quos
551 3548 722 3622 dissipatas
736 3550 889 3608 cisternas
902 3556 1004 3623 vocat,
1021 3565 1057 3608 eo

143 3646 228 3719 quod
241 3646 298 3705 diu
311 3647 462 3705 mandata
475 3661 598 3704 servare
612 3663 676 3705 non
689 3648 828 3707 valeant.
846 3649 886 3705 Et
899 3648 960 3707 hoc
973 3648 1144 3707 adtendera-

143 3742 220 3803 dum
235 3744 321 3818 quod
335 3745 406 3803 fons
420 3749 592 3817 perpetuus
606 3749 698 3802 estet
716 3746 829 3804 vitales
843 3746 941 3804 hahet
952 3758 1069 3820 aquas;

143 3841 297 3900 cisternae
311 3847 419 3900 autem
430 3846 463 3899 et
476 3843 566 3900 lacus
578 3843 630 3900 vel
644 3841 683 3900 de
698 3842 889 3900 torrentibus
901 3845 953 3901 vel
965 3858 1005 3900 ex
1019 3844 1112 3916 aquis
1196 3898 1199 3903 .

141 3938 307 4011 turvidis¹,
321 3944 403 3997 terra
416 3920 614 4010 complentur
626 3945 659 3997 et
668 3940 796 4012 pluviis.
812 3942 918 3999 Portas
933 3946 1040 3999 autem

143 4038 301 4096 caelorum
314 4038 386 4096 illae
399 4042 500 4110 vocat,
516 4036 682 4110 dequibus
696 4039 774 4096 etin
788 4040 961 4097 vicensimo
975 4041 1065 4096 tertio
1079 4041 1163 4111 psal·

143 4150 196 4193 mo
207 4135 362 4208 scriptum
374 4141 423 4193 est
436 4152 443 4193 :
458 4136 602 4207 Levatae‚
617 4140 733 4208 portae,
750 4138 853 4208 capita
866 4134 975 4195 vestra'
986 4142 1018 4194 et
1032 4138 1079 4194 in-

127 4214 250 4292 ¹troihit
262 4249 318 4292 rex
332 4235 458 4308 gloriae,
474 4248 529 4305 pro
543 4229 628 4308 [quo]
643 4235 726 4290 LXX
740 4234 992 4293 transtulerunt:
1009 4237 1124 4293 Levate
1138 4239 1243 4308 portas

141 4333 299 4404 principes
311 4337 443 4406 vestras,
456 4330 495 4388 de
510 4331 628 4404 ortibus
642 4332 769 4403 plenius
781 4346 840 4390 suo
854 4331 999 4405 dicetu[r]
1012 4334 1090 4407 loco,

143 4429 292 4504 quodque
305 4431 421 4504 Aquila
436 4434 468 4487 et
482 4429 694 4500 Symmachus
709 4431 823 4504 caelos,
839 4431 922 4487 LXX
935 4445 1008 4489 vero
1023 4437 1055 4489 ct
1068 4433 1165 4490 Theo-

81 4636 83 4640 ’
123 4631 149 4684 1.
162 4630 296 4684 Posterius
310 4646 379 4687 corr.
397 4595 494 4686 omnir.

122 4709 146 4762 2.
164 4711 240 4766 corr.
255 4713 377 4767 turbidis.

186 4799 331 4868 carmin,
349 4802 451 4856 Undat.
