<?xml version="1.0" encoding="UTF-8"?>
<!DOCTYPE html PUBLIC "-//W3C//DTD XHTML 1.0 Transitional//EN"
    "http://www.w3.org/TR/xhtml1/DTD/xhtml1-transitional.dtd">
<html xmlns="http://www.w3.org/1999/xhtml" xml:lang="en" lang="en">
 <head>
  <title>
</title>
<meta http-equiv="Content-Type" content="text/html;charset=utf-8" />
  <meta name='ocr-system' content='tesseract 3.04.00' />
  <meta name='ocr-capabilities' content='ocr_page ocr_carea ocr_par ocr_line ocrx_word'/>
</head>
<body>
  <div class='ocr_page' id='page_1' title='image "./vncialisscriptv00chatgoog_0044.png"; bbox 0 0 3082 5386; ppageno 0'>
   <div class='ocr_carea' id='block_1_1' title="bbox 638 419 922 469">
    <p class='ocr_par' dir='ltr' id='par_1_1' title="bbox 638 419 922 469">
     <span class='ocr_line' id='line_1_1' title="bbox 638 419 922 469; baseline 0 -3"><span class='ocrx_word' id='word_1_1' title='bbox 638 419 752 469; x_wconf 75' lang='lat' dir='ltr'><strong>Sffl&#39;o</strong></span> <span class='ocrx_word' id='word_1_2' title='bbox 766 419 922 468; x_wconf 76' lang='lat' dir='ltr'><strong>samum.</strong></span> 
     </span>
    </p>
   </div>
   <div class='ocr_carea' id='block_1_2' title="bbox 495 589 1090 2213">
    <p class='ocr_par' dir='ltr' id='par_1_2' title="bbox 498 589 1036 956">
     <span class='ocr_line' id='line_1_2' title="bbox 500 589 1032 663; baseline 0 -15"><span class='ocrx_word' id='word_1_3' title='bbox 500 589 587 649; x_wconf 69' lang='lat' dir='ltr'><strong>datia</strong></span> <span class='ocrx_word' id='word_1_4' title='bbox 602 595 763 663; x_wconf 79' lang='lat' dir='ltr'><strong>tamquam</strong></span> <span class='ocrx_word' id='word_1_5' title='bbox 774 590 914 649; x_wconf 82' lang='lat' dir='ltr'><strong>Judaeus</strong></span> <span class='ocrx_word' id='word_1_6' title='bbox 929 596 966 648; x_wconf 94' lang='lat' dir='ltr'><strong>ut</strong></span> <span class='ocrx_word' id='word_1_7' title='bbox 978 593 1032 649; x_wconf 85' lang='lat' dir='ltr'><strong>Ju-</strong></span> 
     </span>
     <span class='ocr_line' id='line_1_3' title="bbox 499 688 1036 761; baseline 0.004 -15"><span class='ocrx_word' id='word_1_8' title='bbox 499 688 593 747; x_wconf 85' lang='lat' dir='ltr'><strong>daeos</strong></span> <span class='ocrx_word' id='word_1_9' title='bbox 607 689 743 746; x_wconf 74' lang='lat' dir='ltr'><strong>lucrarer</strong></span> <span class='ocrx_word' id='word_1_10' title='bbox 757 699 766 759; x_wconf 84' lang='lat'>;</span> <span class='ocrx_word' id='word_1_11' title='bbox 781 688 832 746; x_wconf 83' lang='lat' dir='ltr'><strong>hia</strong></span> <span class='ocrx_word' id='word_1_12' title='bbox 847 690 902 761; x_wconf 91' lang='lat' dir='ltr'><strong>qui</strong></span> <span class='ocrx_word' id='word_1_13' title='bbox 917 690 978 748; x_wconf 84' lang='lat' dir='ltr'><strong>sub</strong></span> <span class='ocrx_word' id='word_1_14' title='bbox 992 691 1036 748; x_wconf 82' lang='lat' dir='ltr'><strong>la·</strong></span> 
     </span>
     <span class='ocr_line' id='line_1_4' title="bbox 498 785 1020 859; baseline 0.002 -17"><span class='ocrx_word' id='word_1_15' title='bbox 498 801 537 859; x_wconf 82' lang='lat' dir='ltr'><strong>ge</strong></span> <span class='ocrx_word' id='word_1_16' title='bbox 549 790 627 844; x_wconf 84' lang='lat' dir='ltr'><strong>sunt</strong></span> <span class='ocrx_word' id='word_1_17' title='bbox 639 785 731 859; x_wconf 83' lang='lat' dir='ltr'><strong>quasi</strong></span> <span class='ocrx_word' id='word_1_18' title='bbox 750 786 892 859; x_wconf 82' lang='lat' dir='ltr'><strong>sublege</strong></span> <span class='ocrx_word' id='word_1_19' title='bbox 906 800 1020 858; x_wconf 82' lang='lat' dir='ltr'><strong>essem,</strong></span> 
     </span>
     <span class='ocr_line' id='line_1_5' title="bbox 499 884 1009 956; baseline -0.004 -13"><span class='ocrx_word' id='word_1_20' title='bbox 499 900 572 943; x_wconf 84' lang='lat' dir='ltr'><strong>cum</strong></span> <span class='ocrx_word' id='word_1_21' title='bbox 587 884 655 956; x_wconf 83' lang='lat' dir='ltr'><strong>ipsa</strong></span> <span class='ocrx_word' id='word_1_22' title='bbox 668 897 733 941; x_wconf 88' lang='lat' dir='ltr'><strong>non</strong></span> <span class='ocrx_word' id='word_1_23' title='bbox 745 897 849 941; x_wconf 84' lang='lat' dir='ltr'><strong>essem</strong></span> <span class='ocrx_word' id='word_1_24' title='bbox 863 884 924 941; x_wconf 84' lang='lat' dir='ltr'><strong>sub</strong></span> <span class='ocrx_word' id='word_1_25' title='bbox 939 885 1009 956; x_wconf 79' lang='lat' dir='ltr'>lege</span> 
     </span>
    </p>

    <p class='ocr_par' dir='ltr' id='par_1_3' title="bbox 496 980 1090 1544">
     <span class='ocr_line' id='line_1_6' title="bbox 497 980 1027 1054; baseline -0.004 -14"><span class='ocrx_word' id='word_1_26' title='bbox 497 987 535 1040; x_wconf 95' lang='lat' dir='ltr'><strong>ut</strong></span> <span class='ocrx_word' id='word_1_27' title='bbox 548 996 602 1041; x_wconf 80' lang='lat' dir='ltr'><strong>eos</strong></span> <span class='ocrx_word' id='word_1_28' title='bbox 615 981 671 1054; x_wconf 87' lang='lat' dir='ltr'><strong>qui</strong></span> <span class='ocrx_word' id='word_1_29' title='bbox 685 980 746 1038; x_wconf 85' lang='lat' dir='ltr'><strong>sub</strong></span> <span class='ocrx_word' id='word_1_30' title='bbox 761 980 830 1054; x_wconf 77' lang='lat' dir='ltr'>lege</span> <span class='ocrx_word' id='word_1_31' title='bbox 845 985 935 1038; x_wconf 85' lang='lat' dir='ltr'><strong>erant</strong></span> <span class='ocrx_word' id='word_1_32' title='bbox 945 980 1027 1039; x_wconf 81' lang='lat' dir='ltr'><strong>lucri</strong></span> 
     </span>
     <span class='ocr_line' id='line_1_7' title="bbox 497 1077 1057 1152; baseline -0.004 -14"><span class='ocrx_word' id='word_1_33' title='bbox 497 1081 650 1152; x_wconf 67' lang='lat' dir='ltr'><strong>facerem</strong></span> <span class='ocrx_word' id='word_1_34' title='bbox 666 1077 717 1136; x_wconf 88' lang='lat' dir='ltr'><strong>his</strong></span> <span class='ocrx_word' id='word_1_35' title='bbox 732 1079 787 1151; x_wconf 91' lang='lat' dir='ltr'><strong>qui</strong></span> <span class='ocrx_word' id='word_1_36' title='bbox 801 1079 870 1136; x_wconf 84' lang='lat' dir='ltr'>sine</span> <span class='ocrx_word' id='word_1_37' title='bbox 883 1079 953 1151; x_wconf 76' lang='lat' dir='ltr'>lege</span> <span class='ocrx_word' id='word_1_38' title='bbox 967 1083 1057 1136; x_wconf 77' lang='lat' dir='ltr'><strong>erant</strong></span> 
     </span>
     <span class='ocr_line' id='line_1_8' title="bbox 498 1177 1030 1252; baseline -0.009 -15"><span class='ocrx_word' id='word_1_39' title='bbox 498 1183 660 1252; x_wconf 80' lang='lat' dir='ltr'><strong>tamquam</strong></span> <span class='ocrx_word' id='word_1_40' title='bbox 673 1177 744 1235; x_wconf 81' lang='lat' dir='ltr'><strong>aine</strong></span> <span class='ocrx_word' id='word_1_41' title='bbox 755 1177 826 1249; x_wconf 76' lang='lat' dir='ltr'><strong>lega</strong></span> <span class='ocrx_word' id='word_1_42' title='bbox 839 1190 944 1234; x_wconf 82' lang='lat' dir='ltr'><strong>essem</strong></span> <span class='ocrx_word' id='word_1_43' title='bbox 957 1191 1030 1235; x_wconf 77' lang='lat' dir='ltr'><strong>oum</strong></span> 
     </span>
     <span class='ocr_line' id='line_1_9' title="bbox 496 1273 1090 1348; baseline -0.005 -14"><span class='ocrx_word' id='word_1_44' title='bbox 496 1277 566 1334; x_wconf 84' lang='lat' dir='ltr'>sine</span> <span class='ocrx_word' id='word_1_45' title='bbox 579 1277 649 1348; x_wconf 78' lang='lat' dir='ltr'>lege</span> <span class='ocrx_word' id='word_1_46' title='bbox 661 1275 715 1332; x_wconf 80' lang='lat' dir='ltr'><strong>Dei</strong></span> <span class='ocrx_word' id='word_1_47' title='bbox 729 1288 793 1333; x_wconf 87' lang='lat' dir='ltr'><strong>non</strong></span> <span class='ocrx_word' id='word_1_48' title='bbox 811 1287 915 1332; x_wconf 80' lang='lat' dir='ltr'><strong>essem</strong></span> <span class='ocrx_word' id='word_1_49' title='bbox 929 1273 986 1331; x_wconf 76' lang='lat' dir='ltr'><strong>aad</strong></span> <span class='ocrx_word' id='word_1_50' title='bbox 998 1273 1033 1331; x_wconf 91' lang='lat' dir='ltr'><strong>iu</strong></span> <span class='ocrx_word' id='word_1_51' title='bbox 1046 1274 1090 1331; x_wconf 81' lang='lat' dir='ltr'><strong>le·</strong></span> 
     </span>
     <span class='ocr_line' id='line_1_10' title="bbox 497 1370 1070 1448; baseline -0.003 -17"><span class='ocrx_word' id='word_1_52' title='bbox 497 1390 536 1448; x_wconf 85' lang='lat' dir='ltr'><strong>ge</strong></span> <span class='ocrx_word' id='word_1_53' title='bbox 550 1388 654 1432; x_wconf 79' lang='lat' dir='ltr'><strong>essem</strong></span> <span class='ocrx_word' id='word_1_54' title='bbox 668 1372 779 1432; x_wconf 76' lang='lat' dir='ltr'>Christi</span> <span class='ocrx_word' id='word_1_55' title='bbox 792 1376 831 1429; x_wconf 92' lang='lat' dir='ltr'><strong>ut</strong></span> <span class='ocrx_word' id='word_1_56' title='bbox 843 1372 922 1430; x_wconf 82' lang='lat' dir='ltr'><strong>lucri</strong></span> <span class='ocrx_word' id='word_1_57' title='bbox 937 1370 1070 1430; x_wconf 73' lang='lat' dir='ltr'><strong>faceram</strong></span> 
     </span>
     <span class='ocr_line' id='line_1_11' title="bbox 496 1470 899 1544; baseline -0.007 -14"><span class='ocrx_word' id='word_1_58' title='bbox 496 1483 550 1530; x_wconf 82' lang='lat' dir='ltr'><strong>eos</strong></span> <span class='ocrx_word' id='word_1_59' title='bbox 564 1471 620 1544; x_wconf 91' lang='lat' dir='ltr'><strong>qui</strong></span> <span class='ocrx_word' id='word_1_60' title='bbox 635 1471 704 1528; x_wconf 84' lang='lat' dir='ltr'><strong>sine</strong></span> <span class='ocrx_word' id='word_1_61' title='bbox 717 1470 787 1543; x_wconf 77' lang='lat' dir='ltr'><strong>lega</strong></span> <span class='ocrx_word' id='word_1_62' title='bbox 800 1474 899 1529; x_wconf 85' lang='lat' dir='ltr'><strong>arant.</strong></span> 
     </span>
    </p>

    <p class='ocr_par' dir='ltr' id='par_1_4' title="bbox 496 1565 1005 1628">
     <span class='ocr_line' id='line_1_12' title="bbox 496 1565 1005 1628; baseline -0.008 0"><span class='ocrx_word' id='word_1_63' title='bbox 496 1571 611 1628; x_wconf 75' lang='lat' dir='ltr'><strong>Factus</strong></span> <span class='ocrx_word' id='word_1_64' title='bbox 625 1583 699 1626; x_wconf 88' lang='lat' dir='ltr'><strong>sum</strong></span> <span class='ocrx_word' id='word_1_65' title='bbox 712 1565 847 1625; x_wconf 81' lang='lat' dir='ltr'><strong>infirmis</strong></span> <span class='ocrx_word' id='word_1_66' title='bbox 858 1566 1005 1626; x_wconf 85' lang='lat' dir='ltr'><strong>infirmus</strong></span> 
     </span>
    </p>

    <p class='ocr_par' dir='ltr' id='par_1_5' title="bbox 495 1665 972 1824">
     <span class='ocr_line' id='line_1_13' title="bbox 495 1665 935 1737; baseline -0.002 -11"><span class='ocrx_word' id='word_1_67' title='bbox 495 1672 534 1726; x_wconf 91' lang='lat' dir='ltr'><strong>ut</strong></span> <span class='ocrx_word' id='word_1_68' title='bbox 546 1665 687 1726; x_wconf 84' lang='lat' dir='ltr'><strong>infirmos</strong></span> <span class='ocrx_word' id='word_1_69' title='bbox 697 1666 777 1724; x_wconf 74' lang='lat' dir='ltr'><strong>lutri</strong></span> <span class='ocrx_word' id='word_1_70' title='bbox 791 1665 935 1737; x_wconf 77' lang='grc' dir='ltr'>ιεεειειιι,</span> 
     </span>
     <span class='ocr_line' id='line_1_14' title="bbox 495 1763 972 1824; baseline -0.004 0"><span class='ocrx_word' id='word_1_71' title='bbox 495 1765 644 1824; x_wconf 84' lang='lat' dir='ltr'><strong>omnibus</strong></span> <span class='ocrx_word' id='word_1_72' title='bbox 658 1764 765 1824; x_wconf 83' lang='lat' dir='ltr'><strong>omnia</strong></span> <span class='ocrx_word' id='word_1_73' title='bbox 778 1763 881 1822; x_wconf 80' lang='lat' dir='ltr'><strong>fautus</strong></span> <span class='ocrx_word' id='word_1_74' title='bbox 896 1777 972 1822; x_wconf 82' lang='lat' dir='ltr'><strong>sum</strong></span> 
     </span>
    </p>

    <p class='ocr_par' dir='ltr' id='par_1_6' title="bbox 496 1862 932 1921">
     <span class='ocr_line' id='line_1_15' title="bbox 496 1862 932 1921; baseline -0.005 0"><span class='ocrx_word' id='word_1_75' title='bbox 496 1867 534 1921; x_wconf 91' lang='lat' dir='ltr'><strong>ut</strong></span> <span class='ocrx_word' id='word_1_76' title='bbox 546 1877 657 1921; x_wconf 80' lang='lat' dir='ltr'><strong>omnes</strong></span> <span class='ocrx_word' id='word_1_77' title='bbox 668 1862 802 1921; x_wconf 79' lang='lat' dir='ltr'><strong>fauorem</strong></span> <span class='ocrx_word' id='word_1_78' title='bbox 816 1863 932 1920; x_wconf 77' lang='lat' dir='ltr'><strong>salvos.</strong></span> 
     </span>
    </p>

    <p class='ocr_par' dir='ltr' id='par_1_7' title="bbox 495 1957 1028 2213">
     <span class='ocr_line' id='line_1_16' title="bbox 495 1957 1028 2031; baseline 0 -14"><span class='ocrx_word' id='word_1_79' title='bbox 495 1960 608 2020; x_wconf 87' lang='lat' dir='ltr'><strong>Omnia</strong></span> <span class='ocrx_word' id='word_1_80' title='bbox 620 1964 728 2018; x_wconf 78' lang='lat' dir='ltr'><strong>autam</strong></span> <span class='ocrx_word' id='word_1_81' title='bbox 742 1957 821 2016; x_wconf 81' lang='lat' dir='ltr'><strong>facio</strong></span> <span class='ocrx_word' id='word_1_82' title='bbox 834 1963 960 2031; x_wconf 78' lang='lat' dir='ltr'><strong>propter</strong></span> <span class='ocrx_word' id='word_1_83' title='bbox 972 1973 1028 2017; x_wconf 84' lang='lat' dir='ltr'><strong>eu-</strong></span> 
     </span>
     <span class='ocr_line' id='line_1_17' title="bbox 495 2055 962 2132; baseline -0.009 -16"><span class='ocrx_word' id='word_1_84' title='bbox 495 2058 658 2132; x_wconf 77' lang='lat' dir='ltr'><strong>angelium</strong></span> <span class='ocrx_word' id='word_1_85' title='bbox 671 2063 709 2115; x_wconf 92' lang='lat' dir='ltr'><strong>ut</strong></span> <span class='ocrx_word' id='word_1_86' title='bbox 722 2056 877 2129; x_wconf 73' lang='lat' dir='ltr'><strong>particeps</strong></span> <span class='ocrx_word' id='word_1_87' title='bbox 891 2055 962 2128; x_wconf 80' lang='lat' dir='ltr'><strong>eJ‘us</strong></span> 
     </span>
     <span class='ocr_line' id='line_1_18' title="bbox 495 2154 621 2213; baseline 0 -1"><span class='ocrx_word' id='word_1_88' title='bbox 495 2154 621 2213; x_wconf 77' lang='lat' dir='ltr'><strong>efficiar.</strong></span> 
     </span>
    </p>
   </div>
   <div class='ocr_carea' id='block_1_3' title="bbox 663 2333 1203 2406">
    <p class='ocr_par' dir='ltr' id='par_1_8' title="bbox 663 2333 1203 2406">
     <span class='ocr_line' id='line_1_19' title="bbox 663 2333 1203 2406; baseline -0.006 -16"><span class='ocrx_word' id='word_1_89' title='bbox 663 2335 727 2391; x_wconf 81' lang='lat' dir='ltr'><strong>Fol.</strong></span> <span class='ocrx_word' id='word_1_90' title='bbox 743 2336 778 2390; x_wconf 85' lang='lat'><strong>30</strong></span> <span class='ocrx_word' id='word_1_91' title='bbox 793 2333 870 2405; x_wconf 76' lang='lat' dir='ltr'><strong>(qap.</strong></span> <span class='ocrx_word' id='word_1_92' title='bbox 886 2349 917 2404; x_wconf 87' lang='lat' dir='ltr'><strong>x,</strong></span> <span class='ocrx_word' id='word_1_93' title='bbox 931 2347 962 2390; x_wconf 87' lang='lat' dir='ltr'><strong>v.</strong></span> <span class='ocrx_word' id='word_1_94' title='bbox 976 2335 1091 2406; x_wconf 79' lang='lat' dir='ltr'><strong>29-cap.</strong></span> <span class='ocrx_word' id='word_1_95' title='bbox 1106 2347 1150 2404; x_wconf 75' lang='grc' dir='ltr'>ιι,</span> <span class='ocrx_word' id='word_1_96' title='bbox 1165 2333 1203 2404; x_wconf 84' lang='grc'><strong>3).</strong></span> 
     </span>
    </p>
   </div>
   <div class='ocr_carea' id='block_1_4' title="bbox 450 2484 1085 4414">
    <p class='ocr_par' dir='ltr' id='par_1_9' title="bbox 484 2484 1085 3924">
     <span class='ocr_line' id='line_1_20' title="bbox 489 2484 1035 2558; baseline -0.005 -13"><span class='ocrx_word' id='word_1_97' title='bbox 489 2491 597 2545; x_wconf 82' lang='lat' dir='ltr'><strong>autem</strong></span> <span class='ocrx_word' id='word_1_98' title='bbox 611 2484 681 2543; x_wconf 79' lang='lat' dir='ltr'>dico</span> <span class='ocrx_word' id='word_1_99' title='bbox 695 2499 760 2543; x_wconf 87' lang='lat' dir='ltr'><strong>non</strong></span> <span class='ocrx_word' id='word_1_100' title='bbox 772 2490 861 2543; x_wconf 86' lang='lat' dir='ltr'><strong>tuam</strong></span> <span class='ocrx_word' id='word_1_101' title='bbox 876 2484 932 2542; x_wconf 82' lang='lat' dir='ltr'><strong>sad</strong></span> <span class='ocrx_word' id='word_1_102' title='bbox 946 2484 1035 2558; x_wconf 69' lang='lat' dir='ltr'><strong>auta-</strong></span> 
     </span>
     <span class='ocr_line' id='line_1_21' title="bbox 486 2581 1061 2657; baseline -0.002 -15"><span class='ocrx_word' id='word_1_103' title='bbox 486 2585 573 2656; x_wconf 85' lang='lat' dir='ltr'><strong>rius;</strong></span> <span class='ocrx_word' id='word_1_104' title='bbox 588 2589 625 2642; x_wconf 94' lang='lat' dir='ltr'><strong>ut</strong></span> <span class='ocrx_word' id='word_1_105' title='bbox 638 2583 718 2657; x_wconf 88' lang='lat' dir='ltr'><strong>quid</strong></span> <span class='ocrx_word' id='word_1_106' title='bbox 731 2583 817 2641; x_wconf 84' lang='lat' dir='ltr'><strong>enim</strong></span> <span class='ocrx_word' id='word_1_107' title='bbox 830 2581 960 2641; x_wconf 83' lang='lat' dir='ltr'><strong>libertas</strong></span> <span class='ocrx_word' id='word_1_108' title='bbox 973 2581 1061 2655; x_wconf 82' lang='lat' dir='ltr'><strong>m[aa</strong></span> 
     </span>
     <span class='ocr_line' id='line_1_22' title="bbox 484 2680 1013 2755; baseline -0.002 -16"><span class='ocrx_word' id='word_1_109' title='bbox 484 2680 645 2755; x_wconf 74' lang='lat' dir='ltr'><strong>judicatur</strong></span> <span class='ocrx_word' id='word_1_110' title='bbox 657 2680 697 2738; x_wconf 86' lang='lat' dir='ltr'><strong>ab</strong></span> <span class='ocrx_word' id='word_1_111' title='bbox 712 2681 775 2739; x_wconf 88' lang='lat' dir='ltr'><strong>alia</strong></span> <span class='ocrx_word' id='word_1_112' title='bbox 788 2681 983 2738; x_wconf 76' lang='lat' dir='ltr'><strong>conscientia</strong></span> <span class='ocrx_word' id='word_1_113' title='bbox 997 2681 1013 2738; x_wconf 78' lang='lat' dir='ltr'><strong>t</strong></span> 
     </span>
     <span class='ocr_line' id='line_1_23' title="bbox 487 2777 1064 2852; baseline -0.002 -15"><span class='ocrx_word' id='word_1_114' title='bbox 487 2780 519 2837; x_wconf 86' lang='lat' dir='ltr'><strong>Si</strong></span> <span class='ocrx_word' id='word_1_115' title='bbox 532 2793 592 2852; x_wconf 79' lang='lat' dir='ltr'><strong>ego</strong></span> <span class='ocrx_word' id='word_1_116' title='bbox 606 2794 679 2838; x_wconf 81' lang='lat' dir='ltr'><strong>tum</strong></span> <span class='ocrx_word' id='word_1_117' title='bbox 694 2779 794 2852; x_wconf 77' lang='lat' dir='ltr'><strong>gratia</strong></span> <span class='ocrx_word' id='word_1_118' title='bbox 807 2778 969 2851; x_wconf 80' lang='lat' dir='ltr'><strong>participo,</strong></span> <span class='ocrx_word' id='word_1_119' title='bbox 985 2777 1064 2851; x_wconf 88' lang='lat' dir='ltr'><strong>quid</strong></span> 
     </span>
     <span class='ocr_line' id='line_1_24' title="bbox 487 2874 1019 2949; baseline 0 -17"><span class='ocrx_word' id='word_1_120' title='bbox 487 2875 691 2947; x_wconf 84' lang='lat' dir='ltr'><strong>blasphemor</strong></span> <span class='ocrx_word' id='word_1_121' title='bbox 704 2890 760 2948; x_wconf 87' lang='lat' dir='ltr'><strong>pro</strong></span> <span class='ocrx_word' id='word_1_122' title='bbox 774 2874 910 2948; x_wconf 77' lang='lat' dir='ltr'><strong>eoquod</strong></span> <span class='ocrx_word' id='word_1_123' title='bbox 923 2876 1019 2949; x_wconf 75' lang='lat' dir='ltr'><strong>grati-</strong></span> 
     </span>
     <span class='ocr_line' id='line_1_25' title="bbox 488 2972 1017 3047; baseline -0.006 -15"><span class='ocrx_word' id='word_1_124' title='bbox 488 2989 523 3032; x_wconf 86' lang='lat' dir='ltr'><strong>as</strong></span> <span class='ocrx_word' id='word_1_125' title='bbox 537 2988 597 3047; x_wconf 79' lang='lat' dir='ltr'><strong>ago</strong></span> <span class='ocrx_word' id='word_1_126' title='bbox 611 2975 626 3031; x_wconf 73' lang='grc' dir='ltr'>ι</span> <span class='ocrx_word' id='word_1_127' title='bbox 639 2973 711 3032; x_wconf 86' lang='lat' dir='ltr'><strong>Siva</strong></span> <span class='ocrx_word' id='word_1_128' title='bbox 725 2987 800 3047; x_wconf 83' lang='lat' dir='ltr'>ergo</span> <span class='ocrx_word' id='word_1_129' title='bbox 814 2972 1017 3032; x_wconf 74' lang='lat' dir='ltr'><strong>manducatis</strong></span> 
     </span>
     <span class='ocr_line' id='line_1_26' title="bbox 487 3068 1024 3143; baseline -0.004 -14"><span class='ocrx_word' id='word_1_130' title='bbox 487 3072 555 3129; x_wconf 80' lang='lat' dir='ltr'><strong>siva</strong></span> <span class='ocrx_word' id='word_1_131' title='bbox 566 3070 678 3128; x_wconf 77' lang='lat' dir='ltr'><strong>bibitis</strong></span> <span class='ocrx_word' id='word_1_132' title='bbox 691 3071 743 3128; x_wconf 84' lang='lat' dir='ltr'><strong>vel</strong></span> <span class='ocrx_word' id='word_1_133' title='bbox 756 3069 845 3129; x_wconf 84' lang='lat' dir='ltr'><strong>aliud</strong></span> <span class='ocrx_word' id='word_1_134' title='bbox 858 3069 935 3143; x_wconf 88' lang='lat' dir='ltr'><strong>quid</strong></span> <span class='ocrx_word' id='word_1_135' title='bbox 949 3068 1024 3128; x_wconf 77' lang='lat' dir='ltr'><strong>faui·</strong></span> 
     </span>
     <span class='ocr_line' id='line_1_27' title="bbox 488 3166 1035 3241; baseline 0 -16"><span class='ocrx_word' id='word_1_136' title='bbox 488 3169 539 3239; x_wconf 86' lang='lat' dir='ltr'><strong>tis,</strong></span> <span class='ocrx_word' id='word_1_137' title='bbox 555 3168 662 3226; x_wconf 87' lang='lat' dir='ltr'><strong>omnia</strong></span> <span class='ocrx_word' id='word_1_138' title='bbox 672 3168 707 3227; x_wconf 92' lang='lat' dir='ltr'><strong>in</strong></span> <span class='ocrx_word' id='word_1_139' title='bbox 718 3167 850 3241; x_wconf 80' lang='lat' dir='ltr'><strong>gloriam</strong></span> <span class='ocrx_word' id='word_1_140' title='bbox 863 3167 918 3225; x_wconf 78' lang='lat' dir='ltr'><strong>Dei</strong></span> <span class='ocrx_word' id='word_1_141' title='bbox 933 3166 1035 3226; x_wconf 78' lang='lat' dir='ltr'><strong>tacita.</strong></span> 
     </span>
     <span class='ocr_line' id='line_1_28' title="bbox 488 3263 1009 3324; baseline 0.004 -2"><span class='ocrx_word' id='word_1_142' title='bbox 488 3266 562 3323; x_wconf 82' lang='lat' dir='ltr'>Sine</span> <span class='ocrx_word' id='word_1_143' title='bbox 576 3263 750 3324; x_wconf 81' lang='lat' dir='ltr'>offensione</span> <span class='ocrx_word' id='word_1_144' title='bbox 765 3270 866 3324; x_wconf 80' lang='grc' dir='ltr'>εειειε</span> <span class='ocrx_word' id='word_1_145' title='bbox 877 3263 1009 3324; x_wconf 86' lang='lat' dir='ltr'><strong>Judaaia</strong></span> 
     </span>
     <span class='ocr_line' id='line_1_29' title="bbox 485 3362 1085 3437; baseline -0.002 -16"><span class='ocrx_word' id='word_1_146' title='bbox 485 3368 517 3421; x_wconf 92' lang='grc' dir='ltr'>ει</span> <span class='ocrx_word' id='word_1_147' title='bbox 531 3362 706 3437; x_wconf 77' lang='lat' dir='ltr'><strong>gentilibus</strong></span> <span class='ocrx_word' id='word_1_148' title='bbox 720 3367 753 3420; x_wconf 88' lang='grc' dir='ltr'>ει</span> <span class='ocrx_word' id='word_1_149' title='bbox 761 3363 912 3421; x_wconf 77' lang='lat' dir='ltr'><strong>ecclesiae</strong></span> <span class='ocrx_word' id='word_1_150' title='bbox 925 3363 991 3436; x_wconf 76' lang='lat' dir='ltr'>Dei,</span> <span class='ocrx_word' id='word_1_151' title='bbox 1002 3363 1085 3422; x_wconf 78' lang='lat' dir='ltr'><strong>sicut</strong></span> 
     </span>
     <span class='ocr_line' id='line_1_30' title="bbox 485 3460 1082 3535; baseline 0.002 -17"><span class='ocrx_word' id='word_1_152' title='bbox 485 3465 518 3518; x_wconf 82' lang='lat' dir='ltr'><strong>at</strong></span> <span class='ocrx_word' id='word_1_153' title='bbox 529 3475 588 3535; x_wconf 77' lang='lat' dir='ltr'><strong>ago</strong></span> <span class='ocrx_word' id='word_1_154' title='bbox 606 3476 662 3533; x_wconf 82' lang='lat' dir='ltr'><strong>per</strong></span> <span class='ocrx_word' id='word_1_155' title='bbox 679 3461 786 3519; x_wconf 86' lang='lat' dir='ltr'><strong>omnia</strong></span> <span class='ocrx_word' id='word_1_156' title='bbox 800 3460 949 3519; x_wconf 87' lang='lat' dir='ltr'><strong>omnihus</strong></span> <span class='ocrx_word' id='word_1_157' title='bbox 963 3461 1082 3535; x_wconf 72' lang='lat' dir='ltr'><strong>platan,</strong></span> 
     </span>
     <span class='ocr_line' id='line_1_31' title="bbox 486 3556 1010 3632; baseline 0 -16"><span class='ocrx_word' id='word_1_158' title='bbox 486 3571 551 3617; x_wconf 88' lang='lat' dir='ltr'><strong>nou</strong></span> <span class='ocrx_word' id='word_1_159' title='bbox 565 3572 722 3632; x_wconf 79' lang='lat' dir='ltr'><strong>quaerens</strong></span> <span class='ocrx_word' id='word_1_160' title='bbox 735 3556 820 3631; x_wconf 88' lang='lat' dir='ltr'><strong>quod</strong></span> <span class='ocrx_word' id='word_1_161' title='bbox 836 3557 916 3615; x_wconf 88' lang='lat' dir='ltr'><strong>mihi</strong></span> <span class='ocrx_word' id='word_1_162' title='bbox 931 3559 1010 3617; x_wconf 78' lang='lat' dir='ltr'><strong>utile</strong></span> 
     </span>
     <span class='ocr_line' id='line_1_32' title="bbox 484 3654 1052 3728; baseline 0.004 -16"><span class='ocrx_word' id='word_1_163' title='bbox 484 3661 544 3727; x_wconf 87' lang='grc' dir='ltr'>εει,</span> <span class='ocrx_word' id='word_1_164' title='bbox 560 3654 617 3713; x_wconf 84' lang='lat' dir='ltr'><strong>sad</strong></span> <span class='ocrx_word' id='word_1_165' title='bbox 631 3654 717 3728; x_wconf 84' lang='lat' dir='ltr'><strong>quod</strong></span> <span class='ocrx_word' id='word_1_166' title='bbox 733 3656 855 3728; x_wconf 83' lang='lat' dir='ltr'><strong>multis,</strong></span> <span class='ocrx_word' id='word_1_167' title='bbox 873 3661 911 3714; x_wconf 90' lang='lat' dir='ltr'><strong>ut</strong></span> <span class='ocrx_word' id='word_1_168' title='bbox 924 3656 1006 3715; x_wconf 79' lang='lat' dir='ltr'><strong>salvi</strong></span> <span class='ocrx_word' id='word_1_169' title='bbox 1020 3656 1052 3714; x_wconf 80' lang='lat' dir='ltr'><strong>a·</strong></span> 
     </span>
     <span class='ocr_line' id='line_1_33' title="bbox 485 3753 934 3812; baseline 0 0"><span class='ocrx_word' id='word_1_170' title='bbox 485 3758 551 3812; x_wconf 88' lang='lat' dir='ltr'><strong>ant.</strong></span> <span class='ocrx_word' id='word_1_171' title='bbox 566 3753 743 3812; x_wconf 80' lang='lat' dir='ltr'><strong>Imitatoma</strong></span> <span class='ocrx_word' id='word_1_172' title='bbox 755 3755 934 3812; x_wconf 71' lang='lat' dir='ltr'><strong>maiestate</strong></span> 
     </span>
     <span class='ocr_line' id='line_1_34' title="bbox 485 3850 822 3924; baseline 0 -16"><span class='ocrx_word' id='word_1_173' title='bbox 485 3853 569 3909; x_wconf 77' lang='lat' dir='ltr'><strong>siout</strong></span> <span class='ocrx_word' id='word_1_174' title='bbox 580 3856 612 3908; x_wconf 86' lang='grc' dir='ltr'>ει</span> <span class='ocrx_word' id='word_1_175' title='bbox 626 3865 684 3924; x_wconf 71' lang='lat' dir='ltr'><strong>ego</strong></span> <span class='ocrx_word' id='word_1_176' title='bbox 699 3850 822 3911; x_wconf 77' lang='lat' dir='ltr'><strong>Ghrtati.</strong></span> 
     </span>
    </p>

    <p class='ocr_par' dir='ltr' id='par_1_10' title="bbox 450 3939 1078 4414">
     <span class='ocr_line' id='line_1_35' title="bbox 450 3939 1000 4024; baseline 0.002 -17"><span class='ocrx_word' id='word_1_177' title='bbox 450 3939 563 4007; x_wconf 76' lang='lat' dir='ltr'><strong>Laudo</strong></span> <span class='ocrx_word' id='word_1_178' title='bbox 576 3953 684 4007; x_wconf 82' lang='lat' dir='ltr'><strong>autam</strong></span> <span class='ocrx_word' id='word_1_179' title='bbox 695 3962 762 4021; x_wconf 87' lang='lat' dir='ltr'>vos,</span> <span class='ocrx_word' id='word_1_180' title='bbox 778 3947 898 4020; x_wconf 78' lang='lat' dir='ltr'><strong>fratres,</strong></span> <span class='ocrx_word' id='word_1_181' title='bbox 915 3949 1000 4024; x_wconf 88' lang='lat' dir='ltr'><strong>quod</strong></span> 
     </span>
     <span class='ocr_line' id='line_1_36' title="bbox 485 4047 973 4105; baseline 0.002 -2"><span class='ocrx_word' id='word_1_182' title='bbox 485 4047 592 4105; x_wconf 89' lang='lat' dir='ltr'><strong>omnia</strong></span> <span class='ocrx_word' id='word_1_183' title='bbox 605 4047 669 4105; x_wconf 89' lang='lat' dir='ltr'><strong>mei</strong></span> <span class='ocrx_word' id='word_1_184' title='bbox 681 4060 835 4105; x_wconf 73' lang='lat' dir='ltr'><strong>memmae</strong></span> <span class='ocrx_word' id='word_1_185' title='bbox 850 4047 928 4105; x_wconf 85' lang='lat' dir='ltr'><strong>estis</strong></span> <span class='ocrx_word' id='word_1_186' title='bbox 941 4052 973 4105; x_wconf 85' lang='grc' dir='ltr'>ει</span> 
     </span>
     <span class='ocr_line' id='line_1_37' title="bbox 488 4126 1078 4218; baseline 0.005 -17"><span class='ocrx_word' id='word_1_187' title='bbox 488 4143 572 4201; x_wconf 80' lang='lat' dir='ltr'><strong>sieut</strong></span> <span class='ocrx_word' id='word_1_188' title='bbox 585 4142 697 4202; x_wconf 80' lang='lat' dir='ltr'><strong>tradidi</strong></span> <span class='ocrx_word' id='word_1_189' title='bbox 712 4143 802 4202; x_wconf 84' lang='lat' dir='ltr'><strong>vobis</strong></span> <span class='ocrx_word' id='word_1_190' title='bbox 816 4150 982 4218; x_wconf 75' lang='lat' dir='ltr'><strong>praecepta</strong></span> <span class='ocrx_word' id='word_1_191' title='bbox 1075 4126 1078 4132; x_wconf 54' lang='grc'><strong><em>’</em></strong></span> 
     </span>
     <span class='ocr_line' id='line_1_38' title="bbox 487 4231 988 4301; baseline 0 -2"><span class='ocrx_word' id='word_1_192' title='bbox 487 4256 558 4299; x_wconf 83' lang='lat' dir='ltr'><strong>mea</strong></span> <span class='ocrx_word' id='word_1_193' title='bbox 572 4242 696 4300; x_wconf 81' lang='lat' dir='ltr'><strong>tenetis.</strong></span> <span class='ocrx_word' id='word_1_194' title='bbox 711 4242 789 4301; x_wconf 85' lang='lat' dir='ltr'>Volo</span> <span class='ocrx_word' id='word_1_195' title='bbox 804 4231 912 4301; x_wconf 78' lang='lat' dir='ltr'><strong>autem</strong></span> <span class='ocrx_word' id='word_1_196' title='bbox 930 4257 988 4300; x_wconf 77' lang='lat' dir='ltr'><strong>voa</strong></span> 
     </span>
     <span class='ocr_line' id='line_1_39' title="bbox 488 4338 972 4414; baseline 0.006 -18"><span class='ocrx_word' id='word_1_197' title='bbox 488 4341 567 4397; x_wconf 83' lang='lat' dir='ltr'><strong>scire</strong></span> <span class='ocrx_word' id='word_1_198' title='bbox 581 4338 668 4414; x_wconf 87' lang='lat' dir='ltr'><strong>quod</strong></span> <span class='ocrx_word' id='word_1_199' title='bbox 685 4340 789 4397; x_wconf 84' lang='lat' dir='ltr'><strong>omnia</strong></span> <span class='ocrx_word' id='word_1_200' title='bbox 802 4340 862 4398; x_wconf 85' lang='lat' dir='ltr'><strong>viri</strong></span> <span class='ocrx_word' id='word_1_201' title='bbox 876 4345 972 4412; x_wconf 80' lang='lat' dir='ltr'><strong>caput</strong></span> 
     </span>
    </p>
   </div>
   <div class='ocr_carea' id='block_1_5' title="bbox 158 4515 1370 4819">
    <p class='ocr_par' dir='ltr' id='par_1_11' title="bbox 158 4515 1370 4819">
     <span class='ocr_line' id='line_1_40' title="bbox 202 4515 1370 4610; baseline -0.002 -23"><span class='ocrx_word' id='word_1_202' title='bbox 202 4520 253 4588; x_wconf 85' lang='lat' dir='ltr'><strong>Da</strong></span> <span class='ocrx_word' id='word_1_203' title='bbox 271 4517 466 4608; x_wconf 79' lang='lat' dir='ltr'><strong>fragmento</strong></span> <span class='ocrx_word' id='word_1_204' title='bbox 485 4516 570 4588; x_wconf 81' lang='lat' dir='ltr'><strong>adeo</strong></span> <span class='ocrx_word' id='word_1_205' title='bbox 588 4515 710 4587; x_wconf 89' lang='lat' dir='ltr'><strong>mutilo</strong></span> <span class='ocrx_word' id='word_1_206' title='bbox 728 4537 770 4588; x_wconf 79' lang='lat' dir='ltr'><strong>aa</strong></span> <span class='ocrx_word' id='word_1_207' title='bbox 787 4537 923 4589; x_wconf 83' lang='lat' dir='ltr'><strong>corroso</strong></span> <span class='ocrx_word' id='word_1_208' title='bbox 930 4517 1103 4610; x_wconf 79' lang='lat' dir='ltr'><strong>J&#39;udioium</strong></span> <span class='ocrx_word' id='word_1_209' title='bbox 1121 4518 1211 4590; x_wconf 80' lang='lat' dir='ltr'><strong>farra</strong></span> <span class='ocrx_word' id='word_1_210' title='bbox 1229 4516 1370 4595; x_wconf 75' lang='lat' dir='ltr'><strong>difficit.</strong></span> 
     </span>
     <span class='ocr_line' id='line_1_41' title="bbox 158 4629 1367 4726; baseline 0.002 -23"><span class='ocrx_word' id='word_1_211' title='bbox 158 4632 282 4703; x_wconf 87' lang='lat' dir='ltr'><strong>limum</strong></span> <span class='ocrx_word' id='word_1_212' title='bbox 299 4638 365 4707; x_wconf 83' lang='lat' dir='ltr'><strong>ast.</strong></span> <span class='ocrx_word' id='word_1_213' title='bbox 380 4630 583 4726; x_wconf 76' lang='lat' dir='ltr'><strong>Mambraua</strong></span> <span class='ocrx_word' id='word_1_214' title='bbox 598 4631 807 4705; x_wconf 79' lang='lat' dir='ltr'><strong>tenuissima</strong></span> <span class='ocrx_word' id='word_1_215' title='bbox 825 4653 867 4704; x_wconf 82' lang='lat' dir='ltr'><strong>ao</strong></span> <span class='ocrx_word' id='word_1_216' title='bbox 884 4629 994 4705; x_wconf 73' lang='lat' dir='ltr'><strong>forma</strong></span> <span class='ocrx_word' id='word_1_217' title='bbox 1011 4632 1207 4706; x_wconf 71' lang='lat' dir='ltr'><strong>litteratum</strong></span> <span class='ocrx_word' id='word_1_218' title='bbox 1225 4641 1367 4706; x_wconf 79' lang='lat' dir='ltr'><strong>sextum</strong></span> 
     </span>
     <span class='ocr_line' id='line_1_42' title="bbox 158 4746 557 4819; baseline -0.008 0"><span class='ocrx_word' id='word_1_219' title='bbox 158 4747 338 4819; x_wconf 82' lang='lat' dir='ltr'><strong>saeculum</strong></span> <span class='ocrx_word' id='word_1_220' title='bbox 356 4746 557 4818; x_wconf 82' lang='lat' dir='ltr'><strong>admittunt.</strong></span> 
     </span>
    </p>
   </div>
   <div class='ocr_carea' id='block_1_6' title="bbox 0 0 1546 5386">
    <p class='ocr_par' dir='ltr' id='par_1_12' title="bbox 0 0 1546 5386">
     <span class='ocr_line' id='line_1_43' title="bbox 0 0 1546 5386; baseline 0 3"><span class='ocrx_word' id='word_1_221' title='bbox 0 0 1546 5386; x_wconf 95' lang='lat' dir='ltr'><strong> </strong></span> 
     </span>
    </p>
   </div>
  </div>
 </body>
</html>
