3392 5560
593 472 713 528 corsro
733 471 890 522 sinemo.
1292 453 1351 518 till

137 647 292 710 ceterum
328 638 632 730 praestantissimi,
672 640 934 732 euangeliorum
974 638 1162 709 latinorum
1199 637 1351 710 editores

136 753 378 825 Wordsworth
398 762 434 824 et
451 754 583 824 While.
612 757 733 846 Neque
753 767 871 826 tamen
890 754 1130 828 doctissimum
1150 753 1350 825 Samuelem

136 873 267 960 Berger
284 869 424 960 fugerat
441 889 561 940 veram
583 869 767 941 lectionem
790 869 827 940 in
845 890 914 941 uno
938 869 1063 940 saltem
1088 869 1162 940 loco
1181 869 1225 940 ab
1246 869 1351 938 unico

138 983 357 1075 Sangallensi
388 993 505 1055 nostro
536 985 734 1056 conservari
762 984 846 1078 (vid.
874 986 1013 1056 Novum
1043 987 1151 1069 Test,
1181 987 1237 1056 ed.
1272 983 1348 1070 cit,

137 1099 289 1191 Epilog„
309 1121 343 1190 p.
365 1099 456 1191 740).

179 1218 321 1286 Praeter
339 1215 408 1286 dno
428 1213 585 1308 ejusdem
600 1213 727 1286 codicis
744 1214 825 1286 solia
843 1236 933 1307 quae
946 1215 985 1287 in
1002 1214 1211 1286 monasterio
1229 1213 1349 1286 Sancti

137 1331 234 1401 Pauli
266 1331 416 1415 inveni¹,
450 1331 517 1401 duo
548 1331 587 1402 in
618 1329 827 1402 bibliotheca
855 1331 1038 1401 Societatis
1064 1328 1348 1422 Antiquariorum

138 1447 377 1518 'luricenslum
412 1445 547 1536 aliaque
578 1445 616 1516 in
651 1445 883 1517 bibliothecae
918 1445 1066 1517 Urbicae
1104 1444 1345 1536 sangallensis

139 1561 255 1634 codice
274 1561 339 1632 292
359 1568 596 1632 asservantur.

178 1679 324 1748 Formae
338 1677 533 1748 litterarum
548 1675 770 1767 simplicitate
783 1675 915 1768 optima
929 1683 1119 1768 praestant.
1135 1677 1173 1744 ln
1188 1675 1347 1766 margine

33 1867 35 1870 .
63 1841 66 1848 ·
139 1793 284 1884 appositi
299 1801 381 1863 sunt
394 1791 530 1862 numeri
544 1790 808 1862 concordantiae
821 1792 1084 1875 Ammonianae,
1100 1789 1161 1860 ubi
1174 1790 1348 1861 notandus

139 1909 301 2000 antiquus
327 1907 502 1979 scribendi
527 1907 662 1993 modus,
682 1929 718 1978 r.
744 1928 779 1998 g.
805 1907 940 1977 LXLIII
965 1906 1040 1999 (pro
1066 1907 1199 1998 XCIII),
1227 1907 1348 1976 LXLV

173 2045 210 2094 ro
229 2025 323 2094 XCV
355 2032 421 2094 etc.

141 2032 219 2209 (plu
245 2024 403 2230 margine
432 2137 608 2230 superiore
637 2136 781 2207 minutis
809 2135 933 2207 litteris
960 2135 1053 2206 tituli
1081 2152 1280 2208 secunaum
1310 2135 1347 2206 in

139 2254 246 2325 versis
283 2262 318 2325 st
352 2269 545 2324 massoram
584 2251 638 2324 vel
673 2269 811 2324 aaron.
848 2251 886 2320 in
922 2251 1026 2322 rectis
1063 2251 1201 2342 paginis
1238 2270 1347 2344 saepe

140 2370 314 2461 leguntur.

168 2605 190 2656 1.
203 2605 239 2659 Gi.
248 2605 367 2658 Journal
381 2603 426 2654 des
440 2604 563 2666 Scaeam
578 2601 631 2656 mai
645 2602 714 2656 1902.
