3082 5386
547 437 775 491 Smmlfflffl!
795 437 985 491 cestuum.

347 620 408 666 nae
422 608 539 683 gloriae
552 624 617 670 non
630 610 751 684 recldIt,
766 611 811 670 ita
823 625 894 673 caro
906 626 962 671 na-

348 711 451 765 turum
464 709 563 767 nostri
577 709 701 782 genens
713 723 778 768 non
791 709 936 783 reliquid,

346 818 433 863 unus
445 807 531 865 onim
544 806 688 880 idemque
700 813 751 867 est
762 823 834 866 vere
848 808 903 866 Dei
918 807 1004 866 filius

346 907 379 961 et
389 917 461 962 vere
475 904 596 962 bomini
611 903 696 962 filius
710 905 792 964 Deus
806 920 861 978 per
875 904 908 964 id
926 906 1012 979 quod

345 1002 379 1059 in
393 1003 545 1075 principio
558 1007 624 1060 erat
637 1002 769 1060 verbum
783 1008 815 1061 et
829 1004 962 1063 verbum

345 1103 411 1156 erat
423 1098 507 1172 apud
520 1099 617 1158 Deum
631 1104 664 1157 et
681 1100 762 1160 Deus
776 1107 842 1160 erat
855 1101 998 1176 verbum,

344 1194 438 1254 bomo
452 1211 507 1269 per
519 1196 552 1255 ld
565 1196 649 1270 quod
663 1198 794 1258 verbum
808 1214 878 1258 caro
897 1200 960 1258 lac·

344 1299 414 1352 tum
427 1300 476 1352 est
489 1300 522 1352 ot
534 1295 689 1354 habitavit
707 1298 739 1354 in
754 1298 846 1356 nobis
865 1298 946 1358 Deus

343 1405 399 1464 por
412 1390 446 1451 ld
458 1391 544 1466 quon
561 1395 669 1453 omnia
681 1408 736 1468 per
750 1395 857 1468 ipsum
871 1395 953 1455 tacta
1053 1468 1057 1473 ¹

889 1499 967 1553 sunt

192 1670 230 1727 1n
252 1669 394 1743 margine
411 1670 539 1729 sinistro
568 1673 644 1728 nota
669 1669 821 1728 tironiana
836 1688 843 1727 ε
859 1669 917 1727 Hic
937 1671 1160 1745 requirendum.
1194 1676 1312 1736 Eadem
1333 1677 1366 1734 in

157 1766 265 1827 dextro
279 1767 420 1841 margine
434 1768 594 1840 reperitur,
609 1772 642 1826 at
656 1768 689 1825 ln
703 1766 813 1826 tabula
824 1774 931 1829 nostra
943 1769 1074 1830 mitium
1100 1774 1206 1832 solum
1228 1781 1364 1848 apparet.

202 2003 297 2082 Quae
315 1999 445 2092 scripte
463 2001 499 2070 S.
519 1997 700 2083 Athenaei,
718 2001 755 2069 S.
775 1998 910 2091 Gyrilli,
931 1999 1159 2093 aliorumque,
1174 2022 1267 2095 quae
1284 2025 1361 2075 oon·

159 2115 317 2187 ciliorum
349 2122 428 2187 acta
458 2115 687 2186 contineatis
712 2115 822 2186 codex
850 2117 1067 2188 enumeravit
1096 2120 1189 2210 Aug.
1221 2118 1365 2192 Reiffec

159 2230 291 2316 scheid,
307 2229 395 2299 Bibt.
412 2242 506 2322 patr.
526 2229 600 2299 ital.
621 2231 649 2314 l,
670 2251 704 2322 p.
726 2229 843 2301 28-35.

203 2349 381 2441 Scriptura
403 2346 560 2437 ejusdem
583 2347 723 2437 generis
741 2346 880 2418 videtur
899 2368 939 2418 ac
958 2348 1168 2439 praecedens
1188 2365 1197 2418 τ
1218 2351 1366 2430 Quater-

157 2464 280 2534 niones
298 2462 367 2551 (vel
381 2461 563 2553 quiniones
581 2460 640 2533 vel
658 2461 830 2552 seniones)
849 2462 886 2531 in
904 2462 1031 2553 angulo
1051 2463 1172 2534 dextro
1191 2464 1254 2534 imi
1272 2486 1365 2535 mar·

158 2579 250 2670 ginis
264 2578 394 2670 signati
404 2584 498 2648 sunt.
509 2579 619 2647 Juxta
631 2576 787 2647 fasciculi
802 2598 987 2650 numerum
1002 2588 1145 2671 apparet
1156 2578 1367 2672 subscriptio

158 2694 304 2764 corttuli¹
324 2713 413 2786 quae
432 2714 503 2764 non
521 2713 597 2763 raro
625 2692 735 2763 cultro
763 2693 990 2786 compactoris
1017 2701 1151 2765 resecta
1174 2702 1240 2765 est.
1262 2696 1363 2766 Notis

157 2811 338 2882 tironianis
356 2810 443 2882 satis
460 2809 618 2881 obscuris
637 2808 815 2901 margines
830 2810 1021 2882 abundant.

204 3021 239 3090 2⁰
255 3023 444 3095 Vononen.
472 3018 709 3091 Bibliothecae
734 3019 883 3112 Capituli
908 3019 983 3090 cod.
1006 3019 1044 3106 3,
1064 3040 1144 3112 pag.
1168 3021 1241 3090 12:
1270 3024 1367 3091 Liber

161 3139 302 3228 Requm,
323 3139 350 3220 Ι,
371 3154 436 3221 xx,
458 3134 561 3205 31-38
583 3152 591 3202 :

325 3331 474 3390 omnibus
488 3331 572 3388 enim
586 3328 700 3390 diebus
713 3330 831 3404 quibus
844 3332 906 3392 Isai
920 3330 1006 3390 filius
1018 3332 1106 3391 vixe-

396 3430 438 3486 rit
449 3443 544 3500 super
557 3433 680 3501 terram,

327 3540 391 3585 non
405 3525 573 3585 stabilieris
587 3531 624 3584 tu
638 3540 741 3598 neque
755 3540 890 3600 regnum
903 3532 1015 3600 tuum;

328 3626 434 3698 itaque
444 3626 511 3698 jam
525 3639 611 3682 nunc
624 3624 714 3681 mitte
729 3629 761 3682 et
775 3623 877 3684 adduc
892 3639 967 3683 eum
981 3625 1088 3683 adme

398 3725 473 3796 quia
486 3722 572 3780 filius
586 3723 696 3780 mortis
708 3730 771 3795 est;

327 3821 520 3893 respondens
534 3826 641 3879 autem
652 3821 809 3879 Jonathan
823 3821 909 3880 Sauli
922 3823 1003 3895 patri
1017 3836 1076 3880 suo
1090 3823 1155 3880 ait:

328 3934 424 3993 quare
438 3919 597 3990 morietur,
615 3916 693 3990 quid
705 3918 797 3977 fecitt

328 4024 360 4076 et
374 4018 505 4089 arripuit
516 4016 590 4074 Saul
604 4017 745 4075 lanceam
759 4020 796 4074 ut
808 4021 984 4088 percuteret
997 4032 1073 4075 eum

329 4121 360 4173 et
373 4114 530 4172 intellexit
542 4116 675 4173 Jonatan
688 4113 772 4186 quod
786 4112 952 4173 definitum
967 4121 1053 4174 esset

398 4212 479 4284 patri
494 4226 552 4269 suo
566 4216 604 4270 ut
617 4209 803 4268 interficeret
815 4211 930 4271 David.

330 4310 469 4368 Surrexit
482 4323 555 4381 ergo
568 4309 725 4367 Jonatban
739 4322 879 4367 amensa
889 4309 924 4366 in
938 4310 984 4366 ira
995 4308 1108 4367 furoris

329 4414 361 4465 et
374 4422 437 4465 non
452 4405 587 4464 comedit
600 4408 633 4463 in
648 4405 698 4464 die
712 4406 923 4466 Kalendarum
941 4407 1081 4465 secunda
1094 4422 1185 4480 pane.

193 4637 216 4688 1.
232 4636 262 4685 In
273 4635 318 4686 fol.
329 4635 358 4684 91
372 4645 411 4699 νο,
424 4635 469 4686 103
482 4647 520 4695 v0,
533 4633 579 4683 115
592 4647 628 4696 νο,
639 4633 685 4684 lau
698 4645 733 4693 ν,
745 4633 790 4685 139
803 4648 841 4694 v·‚
852 4634 897 4684 141
909 4644 948 4700 νο,
959 4635 1004 4687 159
1017 4647 1054 4696 v0,
1067 4635 1109 4687 181
1125 4646 1164 4700 v⁰‚
1174 4636 1219 4686 193
1232 4642 1266 4699 ν’,
1276 4637 1324 4689 205
1333 4648 1370 4699 νο,

162 4717 280 4767 eamdem
296 4713 512 4780 subscriptionem
526 4714 567 4764 vel
581 4714 636 4779 eJ'us
650 4712 758 4778 vestigia
769 4713 831 4779 legi.
