3082 5386
240 394 276 443 Vl
751 390 941 437 PRAEFATIO.

240 610 318 657 rum
345 588 597 677 incognitorum
625 586 679 654 vel
707 607 829 677 parum
854 586 1069 673 cognitorum
1094 586 1259 677 paulatim
1285 586 1336 655 ad
1365 608 1468 657 nsum

241 730 489 823 discipulorum
520 749 676 797 meorum
708 727 891 798 cumulavi.
930 728 1017 795 Tum
1053 750 1135 797 vero
1170 728 1355 801 liberalius
1392 730 1468 801 iore

241 872 399 965 reputavi
417 872 446 943 si
465 893 532 940 non
552 869 654 939 modo
674 868 850 939 Sorbonae
869 870 1041 939 auditores
1060 871 1121 939 sed
1140 892 1259 940 omnes
1283 870 1383 941 docti
1406 878 1469 943 aut

241 1012 550 1108 palaeographicae
569 1012 769 1103 disciplinae
783 1013 908 1082 curiosi
924 1018 982 1081 aut
997 1014 1030 1080 in
1047 1012 1306 1103 quaestionibus
1322 1014 1469 1085 biblicis

240 1157 295 1227 vel
310 1157 435 1226 litteris
453 1156 595 1224 Patrum
614 1156 770 1248 occupati
790 1154 911 1223 iisdem
930 1156 1090 1223 subsidiis
1111 1156 1171 1241 uti,
1198 1156 1321 1224 eadem
1343 1158 1470 1251 volup-

244 1304 329 1386 tate,
349 1320 419 1391 qus
442 1319 507 1386 ego
533 1298 620 1389 ipse,
645 1298 713 1367 frui
741 1304 891 1391 possent.
917 1298 993 1367 Non
1019 1300 1126 1369 cuivis
1154 1304 1244 1368 enim
1273 1300 1470 1395 plerasque

241 1442 400 1533 Europae
432 1439 650 1511 collectiones
678 1463 740 1534 por
766 1442 917 1533 quinque
950 1440 1056 1512 lustra
1092 1442 1201 1525 adire,
1237 1442 1467 1533 pervolucro,

239 1604 426 1675 excerpere
444 1544 598 1671 contigit.
626 1582 680 1653 llo
705 1589 819 1652 autam
838 1585 873 1653 in
891 1584 956 1653 hac
976 1584 1135 1673 indagine
1155 1585 1219 1652 viri
1237 1584 1470 1657 bibliothecis

241 1725 421 1818 praelecti,
446 1725 598 1814 collegae
617 1725 795 1811 carissimi,
819 1748 887 1795 non
919 1727 1058 1795 minime
1091 1726 1309 1817 adjuverunt,
1332 1729 1468 1825 iisqne,

240 1869 270 1939 si
299 1868 386 1960 quid
414 1869 570 1938 utilitatis
596 1868 749 1938 collectio
772 1891 850 1938 mea
873 1869 1045 1953 habuerit,
1071 1872 1216 1940 maxima
1234 1892 1322 1963 ¹pars
1348 1871 1471 1943 laudis
1533 1868 1535 1885 ²

242 2010 439 2081 debebitur.

286 2152 343 2223 Sic
368 2160 487 2223 natum
524 2160 576 2223 est
611 2155 696 2223 mihi
726 2156 940 2247 propositum
971 2178 1060 2225 nova
1096 2156 1283 2248 specimina
1315 2156 1465 2243 edendi,

241 2296 334 2387 quod
353 2296 453 2389 quasi
470 2297 746 2388 supplementum
761 2299 816 2367 vel
831 2299 1019 2366 auctarium
1033 2300 1181 2388 vulgatis
1194 2298 1464 2371 collectionibus

240 2437 350 2510 fieret.
390 2438 511 2530 ltaque
546 2446 681 2509 centum
712 2441 848 2509 tabulas
879 2440 1066 2534 desumpsi,
1101 2463 1246 2533 quarum
1275 2444 1465 2533 sexaginta

241 2580 424 2665 uncialem,
463 2581 689 2673 quadraginta
729 2585 982 2653 semiuncialem
1020 2586 1223 2677 scripturam
1264 2583 1460 2660 illustrant.

239 2727 281 2797 ln
312 2749 454 2798 numero
486 2748 632 2818 quarum
664 2732 825 2817 quattuor
856 2728 911 2795 vel
943 2729 1094 2819 quinque
1123 2727 1261 2797 maximi
1287 2730 1463 2799 momenti

242 2870 393 2957 codices,
416 2870 481 2939 etsi
495 2870 570 2960 jam
588 2869 800 2955 nobilitatos,
822 2871 946 2939 iterum
967 2892 1094 2962 ponere
1117 2869 1271 2949 decrevi,
1292 2874 1330 2937 ut
1348 2872 1464 2943 etiam

131 3084 135 3095 ,
238 3015 388 3083 notiores
405 3012 538 3082 tierent.

285 3146 802 3246 Sangallensis'Veronensisque
821 3155 1060 3241 bibliothecae,
1073 3153 1462 3246 jamapalaeographis

240 3299 453 3390 exploratae,
485 3299 593 3366 multa
625 3298 709 3366 mihi
745 3300 901 3391 exempla
937 3322 1025 3366 nova
1062 3297 1383 3389 suppeditaveruut;
1420 3302 1463 3366 ut

242 3440 422 3511 Bohiensia
454 3442 503 3510 ita
527 3440 741 3511 tbrbeiensis
767 3442 921 3510 coenobii
952 3444 1138 3533 specimina
1170 3447 1269 3511 aucte
1293 3447 1390 3527 sunt,
1422 3445 1464 3509 at

240 3584 359 3652 schola
376 3583 602 3653 Floriacensis
621 3585 771 3654 collectis
790 3589 860 3652 tam
878 3583 1041 3675 dispersis
1064 3584 1237 3654 codicibus
1260 3586 1370 3654 nitore
1391 3610 1461 3661 suo

240 3727 361 3816 fulget.
382 3725 480 3795 Unde
500 3728 598 3795 tracti
617 3727 685 3795 sint
703 3728 925 3818 manuscripti
943 3728 1002 3818 qui
1021 3727 1077 3796 hic
1095 3733 1304 3833 comparent,
1320 3727 1387 3796 hoc
1403 3738 1462 3804 est
1523 3704 1526 3709 Ι

240 3870 278 3938 in
297 3891 366 3960 quo
379 3870 455 3939 loco
470 3869 551 3938 olim
566 3874 701 3938 servata
711 3870 849 3955 luerint,
865 3874 1031 3960 quantum
1049 3870 1145 3939 licuit
1159 3869 1322 3953 indicavi3
1337 3876 1460 3943 tamen

241 4011 447 4082 contendere
469 4012 575 4080 nolim
594 4012 760 4099 originem
784 4012 939 4081 codicum
958 4012 1023 4080 hac
1044 4013 1215 4081 mentione
1234 4011 1352 4095 statui,
1373 4034 1460 4085 nam

241 4156 377 4247 saepius
404 4155 493 4223 inter
520 4176 556 4222 sc
584 4155 787 4224 monasteria
815 4152 1034 4223 Benedictina
1060 4155 1194 4223 codices
1222 4160 1460 4226 commutave-

239 4301 333 4383 runt,
354 4303 388 4367 et
406 4298 544 4391 wando
564 4298 700 4368 condita
718 4303 797 4366 sunt
814 4297 934 4368 eadem
954 4301 1169 4385 monasteria,
1190 4298 1327 4368 aliunde
1344 4298 1459 4372 libros

213 4430 217 4440 ¹
240 4418 458 4532 acceperunt.

285 4580 360 4665 Quo
379 4583 505 4672 singuli
524 4581 657 4653 codices
676 4583 812 4652 saeculo
831 4583 952 4675 scripsi
969 4589 1059 4668 sunt,
1081 4589 1118 4652 ut
1142 4584 1224 4652 mihi
1245 4584 1355 4652 visum
1387 4594 1457 4676 est,
