3082 5386
542 408 773 459 mimicum
793 409 981 461 sueinum·

260 577 460 652 tnpnetoiur
472 583 567 652 etque
580 579 756 638 inmortalis
769 577 920 638 divinita
933 579 1068 639 chrimt
1087 582 1125 639 ln
1140 597 1206 656 quo

265 676 423 752 perfectus
438 678 532 735 homo
545 677 659 749 plenus
674 683 723 735 eet
737 677 853 750 gratiae
867 681 900 734 et
912 677 947 735 in
961 692 1023 751 quo
1036 692 1106 751 per·

264 773 366 833 iectus
378 775 460 833 Deos
473 774 588 847 plenus
599 781 649 833 eet
663 775 813 846 veritatis,
830 773 915 847 quod
927 777 1034 847 procul
1050 767 1148 835 dubio

261 871 470 946 plenitudinis
483 887 608 943 nomen,
622 878 659 930 ut
672 869 847 930 divinitalis
868 887 938 931 esee
952 878 1105 931 monstre-

262 975 324 1041 tur,
342 968 519 1043 apostolum
533 967 572 1027 de
586 968 704 1028 Christo
718 969 899 1042 loquentem
915 969 1031 1041 pariter
1049 969 1159 1030 audie·

261 1081 336 1125 mue
350 1083 357 1124 :
373 1066 495 1140 quirin
510 1068 578 1138 ipso
593 1065 750 1124 inhabitet
762 1066 866 1125 omnis
880 1066 1045 1139 plenitudo
1064 1066 1111 1126 di·

261 1165 404 1228 vinitatis
417 1165 614 1238 corporaliter
626 1169 659 1223 et
672 1165 749 1225 estis
770 1165 804 1222 in
818 1164 872 1223 lllo
889 1165 1011 1237 repleti.

238 1259 328 1344 Quse
342 1268 449 1322 eutem
462 1264 505 1321 sit
515 1277 596 1335 quoe
610 1263 643 1320 in
657 1261 773 1321 Christo
785 1261 943 1321 inhabitet
962 1262 1128 1336 plenitudo

267 1363 443 1424 divinitatis
455 1361 616 1420 iohannes
630 1359 795 1418 ostendet:
810 1359 959 1432 Verbum,
975 1360 1091 1433 inquit,

266 1476 336 1522 esre
351 1460 539 1532 factumest,
553 1464 584 1517 et
598 1457 752 1516 habitavit
765 1457 800 1515 in
813 1457 915 1516 nobis.
934 1459 979 1516 De
998 1458 1060 1516 leto
1073 1458 1144 1531 ple-

268 1557 413 1620 nitudine
426 1558 568 1630 nepueu
580 1555 740 1613 Johennee
753 1568 812 1613 nos
826 1555 938 1613 esurit
950 1555 1112 1627 occepisse

268 1656 378 1716 dicens
393 1673 401 1715 ε
417 1660 449 1714 ei
463 1654 501 1713 de
515 1651 713 1726 plenitudine
731 1652 802 1727 elus
820 1667 879 1711 nos
893 1667 1003 1711 omnes
1019 1653 1203 1724 occepimus

268 1759 301 1814 et
312 1755 446 1829 grauem
459 1767 515 1826 pro
529 1752 642 1826 gretie

232 1836 327 1913 Unus
340 1853 438 1927 igilur
450 1849 597 1926 idemque
611 1849 749 1909 Chririus
761 1848 816 1907 Dei
830 1853 862 1906 et
875 1848 1014 1908 hominis
1032 1845 1119 1908 iilius
1133 1847 1189 1922 qui
1204 1852 1238 1905 et

268 1951 475 2023 semetipsum
489 1949 664 2008 exinanivit
676 1953 708 2006 et
720 1949 794 2020 plus
814 1947 932 2020 gratiae
945 1948 1060 2006 verite-

946 2047 1050 2119 usque
1060 2044 1238 2118 permensit

191 2211 229 2268 1n
243 2210 385 2284 margine
398 2208 551 2280 seriptum
564 2210 614 2268 est
628 2222 635 2264 :
652 2206 801 2280 «equalis
816 2224 841 2278 s,
857 2209 932 2269 note
946 2205 1102 2264 tironiene
1116 2203 1239 2275 Paulus,
1257 2203 1369 2263 deinde

158 2326 172 2363 e
192 2309 272 2368 Note
290 2325 316 2380 s,
336 2311 445 2379 poetes
457 2311 549 2364 notae
565 2305 737 2363 tironiense
751 2303 910 2362 Paulus·
920 2302 1108 2377 humonwm)
1122 2301 1248 2378 plenum
1261 2303 1367 2377 prote.

157 2435 194 2449 -
205 2401 321 2465 raom
333 2433 369 2446 -
387 2402 514 2461 Verbum
528 2399 613 2461 kero.

202 2622 320 2695 Codex
348 2622 430 2694 olim
458 2622 660 2694 monasterii
688 2624 724 2694 S.
754 2621 934 2694 Benedicti
964 2621 1206 2708 Floriaeensis,
1236 2621 1274 2693 in
1294 2645 1372 2716 *quo

159 2741 306 2811 sortasse
323 2760 445 2810 recens
463 2739 601 2810 condito
615 2740 651 2832 (i.
668 2760 699 2811 e.
716 2739 808 2810 circe
822 2732 954 2809 ennurd
968 2738 1043 2831 650)
1064 2738 1228 2830 scriptus,
1245 2737 1372 2812 deinde

158 2854 196 2926 in
214 2855 469 2948 possessionem
487 2855 687 2927 monasterii
706 2858 742 2927 S.
761 2855 926 2926 Martialis
941 2855 1199 2929 lemovicensis
1217 2855 1370 2943 transiit,

160 2973 248 3044 Vide
267 2993 373 3060 supra
391 2972 464 3045 tab.
485 2975 587 3045 XXX
607 2971 770 3065 peginam
783 2971 968 3045 unoieliter
986 2971 1165 3064 scriptam.

594 3300 770 3370 TABVLA
801 3301 931 3370 LXXX

206 3548 240 3619 1⁰
257 3549 473 3620 innutritur.
503 3544 736 3619 Bibliothecae
760 3546 912 3617 civitatis
935 3546 1044 3619 codex
1062 3555 1100 3617 n⁰
1126 3546 1191 3618 lot
1211 3545 1261 3639 (in
1278 3568 1371 3619 novo

162 3664 260 3734 catal.
293 3662 384 3753 192),
414 3661 472 3732 iol.
501 3661 543 3733 53
570 3669 624 3732 v⁰·
644 3662 682 3733 54
719 3678 727 3731 :
763 3662 934 3754 Origenes
962 3661 998 3732 in
1022 3663 1221 3747 leviticum,
1247 3664 1373 3736 Rufino

161 3779 361 3871 interprete,
390 3776 532 3847 homilia
557 3780 598 3862 V,
621 3777 663 3848 l2
682 3778 821 3871 [Migne
843 3780 935 3848 Patr.
956 3798 1081 3869 graeca
1108 3778 1215 3850 latine
1233 3788 1372 3850 tantum

161 3894 265 3981 edila,
286 3897 348 3980 IX,
369 3893 428 3965 391
449 3893 483 3984 c]
505 3900 540 3965 et
558 3893 700 3964 homilia
717 3896 776 3979 vl,
795 3893 813 3963 3
834 3893 941 3986 [ibid
964 3893 1028 3964 397
1047 3894 1137 3985 13·c].

650 4121 725 4181 Pare
741 4123 875 4183 sinistro.

326 4288 404 4341 sunt
418 4282 557 4359 singula]
571 4285 632 4342 ieie
645 4299 726 4358 quse
739 4285 921 4344 scribuntur
933 4287 967 4344 in
982 4288 1053 4360 lege
1066 4301 1117 4344 eo·

215 4396 217 4402 ⁸
326 4396 398 4439 rum
412 4382 540 4454 quaein
555 4383 700 4454 ec]olesis
713 4385 778 4459 geri
792 4384 922 4457 debent;
938 4385 1079 4459 alioquin

302 4495 306 4503 ·
325 4494 385 4537 nee
398 4479 510 4538 fuisset
524 4482 749 4552 necelesarium
764 4483 827 4556 legi
841 4483 919 4542 hoec
930 4485 964 4541 in
977 4485 1112 4544 ecclesie

325 4578 388 4634 nisi
403 4593 442 4636 ex
455 4579 507 4636 his
521 4578 706 4652 aedifllcetio
720 4582 826 4654 alique
840 4581 1044 4641 audientibus
1057 4598 1149 4656 pree·

324 4674 459 4737 beretur.
475 4679 508 4738 Si
522 4677 606 4756 er]go
620 4680 765 4741 sacerdos
779 4682 928 4742 eeclesiae
942 4697 997 4756 per
1009 4696 1079 4741 ven
